4066 5468
157 126 329 267 '1264'
462 206 466 225 .
576 76 592 105 χ
685 120 835 246 totus
864 109 1023 244 xrtrx.
1075 161 1174 240 cna.
1200 122 1301 240 vir.

1511 248 1537 294 l
1684 234 1700 239 ..

197 355 270 453 pitu
280 347 332 451 fii
349 343 493 438 iotario,
524 285 719 447 pastam
751 349 824 424 tolo
847 341 1002 424 dicontur
1043 300 1247 427 culestiutn
1271 344 1413 425 caulam
1438 338 1518 426 inte
1543 345 1644 428 iliius
1671 373 1716 431 an

199 456 345 548 raserat.
397 449 537 523 Similia
586 470 781 525 occurrunt
807 451 904 548 apud
922 452 1002 525 Ori·
1043 474 1085 526 ac
1107 463 1219 550 genter
1243 451 1330 524 dicit
1364 472 1513 548 propter
1535 456 1711 528 mirabilem

194 549 339 655 genem
360 545 464 646 trad.
480 547 642 621 xxviii.
666 549 705 619 in
725 547 859 625 Matth.
893 547 1003 626 Pallet
1043 554 1283 624 commotionem
1288 551 1368 647 fore
1378 553 1506 623 comae
1558 555 1606 646 ς)
1631 554 1720 632 Veri

201 654 289 730 huic
309 649 513 747 allegorico
532 647 821 745 interpretationi
837 651 950 725 robur
967 671 1003 725 a·
1045 654 1078 725 le
1101 649 1173 738 est,
1191 672 1264 721 non
1278 651 1316 721 in
1334 649 1477 723 ecclesia
1505 649 1623 728 solunt
1648 659 1719 753 myl

204 744 590 850 tiquodconciliari'ex
612 768 684 836 co,
750 753 823 822 uod
844 749 1003 826 Christus
1043 749 1305 848 spiritualiter,
1333 747 1443 821 sedin
1466 770 1539 824 tota
1558 773 1719 828 returnu

202 870 355 927 vocatur
360 847 417 943 fh!
426 843 585 936 iustitiae,
603 845 695 922 Mal.
711 771 773 923 137.
802 866 837 925 2.
862 853 951 941 Luc.
976 854 1004 925 Ι.
1045 850 1140 924 fitate
1158 849 1306 944 proprie
1333 856 1366 920 dt
1382 846 1570 927 literaliter
1589 851 1686 948 signa
1708 858 1719 927 i

204 977 242 1025 v.
254 954 316 1044 78.
343 945 488 1021 ecclesia
507 945 692 1020 confertur
710 949 808 1020 lonae
825 947 924 1023 Cant.
942 948 1005 1023 Vl.
1045 974 1085 1024 re
1107 950 1340 1043 complenda,
1411 948 1719 1036 Quemadmodum

204 1076 244 1147 9.
267 1042 601 1123 eccrefiaedodores
614 1046 707 1136 stellis
731 1048 921 1144 ,Aponi
951 1059 1004 1127 td.
1045 1048 1263 1147 testimoium
1288 1047 1390 1142 priua
1416 1048 1622 1141 veterascit,
1652 1073 1719 1126 ann

62 1150 67 1168 '
205 1161 272 1227 dcc.
287 1149 449 1242 ideoqne
462 1147 572 1218 ctiam
588 1170 658 1218 non
679 1148 884 1246 impliciter
900 1154 1005 1244 r'epu·
1047 1149 1191 1247 penitus
1208 1144 1407 1238 dilluatur3
1432 1145 1477 1220 stc
1498 1142 1576 1220 veri
1597 1149 1708 1226 simile

30 1274 40 1287 “
156 1292 159 1297 ·
206 1253 380 1339 diurnus,
405 1247 552 1319 interitu
568 1251 754 1343 propriam
773 1247 1006 1323 &literalem
1047 1270 1122 1322 tatn
1138 1270 1261 1320 rerum
1274 1246 1541 1331 univerirotem
1558 1248 1695 1347 insigne

205 1353 340 1425 horum
354 1347 538 1442 signorum
549 1347 826 1441 explicationem
850 1368 1005 1442 peream
1049 1367 1214 1420 mentum
1230 1348 1332 1441 priua
1356 1368 1613 1442 accepturam,
1653 1372 1719 1424 ann

206 1449 360 1524 mitrime
389 1443 532 1516 excludi
561 1446 697 1517 'debere
732 1447 915 1539 dicimus,
938 1451 1007 1540 t)
1048 1448 1177 1519 ultimo
1195 1449 1280 1544 igne
1293 1442 1631 1542 penitosdetiag'ret.
1681 1451 1719 1525 Pi

208 1548 296 1644 q‘uia
325 1565 366 1617 ut
402 1543 506 1640 signa¹
526 1542 841 1641 Hierosolymitani
875 1547 1009 1623 excidii
1051 1570 1113 1644 ²1·
1138 1547 1215 1617 Caelt'
1231 1548 1408 1640 peribunt,
1441 1544 1489 1620 85
1520 1571 1629 1619 omnes
1650 1550 1719 1649 stro

208 1648 371 1724 sermone
396 1642 548 1739 proprio
585 1643 743 1718 Christus
764 1645 1006 1740 predixerat,
1048 1659 1191 1717 mentam
1212 1644 1424 1740 veterascent,
1447 1668 1483 1717 v.
1510 1655 1568 1729 18·
1576 1649 1663 1745 ficut
1681 1655 1719 1723 in

146 1741 149 1746 ’
208 1749 258 1821 ita
272 1739 583 1827 eodcmiermonis
595 1766 731 1843 genere
751 1742 1007 1839 inpercensen·
1048 1750 1264 1835 temperabit
1280 1770 1353 1833 eor,
1378 1744 1665 1833 &metapontum
1716 1770 1719 1803 ¹

210 1838 456 1925 disnoviiitmi
476 1842 547 1916 diei
563 1842 670 1940 signis
706 1843 823 1939 ipsum
846 1837 946 1917 luisse
967 1869 1008 1919 u·
1048 1845 1246 1920 admodum
1270 1848 1307 1919 in
1319 1845 1412 1939 senio
1432 1845 1569 1917 dominis
1593 1848 1718 1923 omnia

209 1944 311 2031 ium,
336 1942 432 2015 haud
459 1943 591 2016 iniuria
611 1946 805 2016 credimus.
856 1944 905 2032 2)
928 1945 1021 2034 abts
1049 1945 1141 2018 fiunt
1164 1945 1357 2042 languida,
1385 1965 1580 2042 antequam
1599 1951 1708 2023 horno

210 2043 665 2141 que‘cogenteneceffitate
694 2044 838 2117 alitera
872 2042 1153 2137 nonestffatur,
1191 2042 1295 2135 oculi⁸
1318 2046 1384 2119 cali
1414 2065 1499 2132 ant,
1539 2066 1646 2119 aures
1685 2047 1719 2120 ol

211 2144 476 2218 discedendum.
526 2141 630 2213 iuxta
654 2144 936 2236 metaphoricam
956 2145 1010 2216 in·
1051 2141 1185 2231 scunt,
1212 2164 1343 2219 manus
1370 2068 1413 2218 a}
1435 2147 1547 2239 pedes
1573 2166 1718 2221 tremun

57 2242 78 2263 ''
210 2238 507 2337 terpretationem
525 2242 668 2314 nullum
686 2243 791 2337 plane
811 2245 845 2312 io
862 2242 933 2336 stite
961 2243 1009 2321 εἲ
1051 2264 1110 2315 ret
1134 2241 1340 2333 deficiunt,
1358 2310 1361 2315 ⁴
1379 2246 1526 2317 animus
1561 2266 1719 2337 moeret,

210 2345 290 2417 icoo
328 2342 394 2412 erit
410 2342 535 2412 iudicii
553 2343 719 2437 ignum,
758 2341 844 2434 quia
867 2364 1009 2416 utrum·
1025 2389 1034 2399 -«
1050 2341 1128 2415 Xll.
1155 2361 1188 2418 a.
1216 2340 1352 2441 &sequ
1369 2343 1415 2417 sic
1427 2344 1718 2441 adpropinquant

215 2465 287 2543 quc
304 2441 483 2514 luminare
509 2439 694 2538 fulgorem
708 2438 813 2514 suurn
831 2441 1013 2533 retinebit,
1057 2442 1095 2514 di
1110 2442 1257 2515 interitu
1276 2462 1351 2516 tota
1375 2445 1456 2516 coeli
1482 2463 1658 2539 terraeque
1686 2468 1719 2518 tn

214 2550 383 2617 dicuntur
407 2562 528 2614 autern
545 2539 747 2629 obscurari,
783 2542 868 2634 quia
898 2541 1014 2614 lromi·
1056 2539 1103 2612 ob
1129 2535 1364 2630 vetustatem,
1404 2563 1514 2636 quant
1541 2545 1719 2618 contraxit

214 2641 327 2715 nibus
347 2642 469 2716 omnia
491 2642 708 2724 tenebricosa
724 2649 757 2715 δι
775 2638 896 2712 moesta
917 2642 1015 2715 vide·
1055 2639 1201 2715 vcbitur
1216 2661 1258 2712 ac
1267 2641 1483 2728 mutabitur,
1495 2643 1719 2715 luminariac

215 2740 362 2815 buntur.
412 2740 460 2812 At
483 2738 640 2813 Christus
663 2734 821 2835 exprelse
849 2740 957 2812 dicit:
984 2756 1034 2812 et
1056 2737 1360 2826 obscurabuntur,
1393 2742 1543 2829 virtutes
1570 2744 1719 2815 coelorut

112 2930 113 2934 Ἴ
213 2855 293 2914 root
319 2842 415 2943 ,igno
443 2844 477 2911 in
507 2839 576 2936 sole
609 2838 657 2914 i!
684 2841 762 2910 luno
784 2887 796 2926 ,
821 2859 864 2912 ac
898 2839 1014 2911 ltotni-
1058 2837 1262 2930 vehuntur,
1289 2860 1395 2913 erunt
1428 2837 1545 2911 crebri
1575 2859 1719 2911 terroer

215 2963 306 3013 num
321 2963 497 3038 angorem
520 2940 564 3012 ab
586 2941 658 3024 illis
686 2939 794 3038 signis
816 2936 1014 3036 distinguit.
1055 2937 1222 3011 homines
1240 2959 1314 3033 prae
1329 2960 1465 3035 angore
1499 2944 1544 3023 fac
1569 2937 1708 3017 tristitia

216 3041 261 3135 3)
288 3044 522 3137 Prophetae&
547 3037 695 3136 apostoli
719 3035 847 3115 ‚verbio
873 3038 1016 3134 propri·
1057 3055 1131 3107 cnt.
1180 3035 1391 3131 Ambrosius
1408 3038 1447 3110 in
1471 3040 1556 3109 Luc.
1582 3037 1719 3112 XXl.l

214 3138 252 3214 is'
281 3163 367 3214 cum
391 3138 517 3213 Christi
536 3141 747 3213 concionem
762 3157 936 3234 magnam
952 3138 1014 3211 ad·
1045 3133 1103 3232 stt-
1115 3134 1218 3230 secoli
1237 3135 1379 3231 fumat,
1406 3141 1604 3232 praecedent
1626 3161 1719 3233 ponet

216 3238 391 3313 finitatem
406 3239 642 3326 habentibus,
669 3245 703 3312 dc
725 3236 823 3334 signa
847 3235 919 3309 diei
952 3259 1015 3308 no·
1052 3236 1237 3332 gritodines
1256 3239 1398 3322 mendi,
1427 3238 1600 3334 aegritudo
1622 3246 1719 3311 meod

201 3339 344 3423 ,virini
365 3348 398 3415 dt
433 3338 549 3434 ipsum
574 3340 672 3411 diem
703 3333 932 3410 novilitntum
958 3335 1017 3407 de·
1057 3357 1143 3421 mes,
1169 3337 1340 3435 aegritudo
1352 3335 1520 3431 mondiest
1529 3335 1719 3434 pestilentia.

212 3440 399 3531 scribunt,
426 3439 509 3511 Pial.
527 3434 677 3509 LXXV.
708 3457 742 3519 3·
770 3440 804 3517 ἃ
830 3458 867 3524 4·
893 3433 1016 3531 Hagg.
1062 3438 1270 3505 todomcndi
1289 3432 1332 3531 est
1350 3436 1540 3530 persecutio.
1600 3432 1719 3511 Conse:

224 3540 270 3611 ti.
297 3561 330 3631 7.
355 3536 507 3630 (confer
525 3534 639 3609 Hebr.
662 3534 738 3607 xli.
760 3531 1020 3624 16.)10el.111.
1062 3532 1253 3607 sostotnum
1287 3537 1413 3609 homil.
1453 3535 1606 3616 xxitlll.
1649 3538 1689 3610 iti

219 3664 279 3718 πο.
304 3643 417 3712 eret.
436 3636 488 3708 lll.
521 3657 577 3711 ιο.
604 3644 637 3708 δι
666 3658 722 3709 12·
738 3630 811 3708 dcc.
832 3632 882 3724 4)
919 3632 1019 3707 Allo·
1062 3628 1380 3720 Quemadmodum
1408 3636 1646 3730 patrefamilias
1691 3640 1719 3709 t‘r

218 3739 344 3839 gorica
385 3739 448 3811 illa
474 3755 641 3806 veterum
673 3732 918 3829 interpretatio
950 3755 1018 3828 pro
1059 3752 1162 3803 mnes
1185 3730 1368 3821 domestici
1388 3735 1538 3832 lugent,
1568 3757 1609 3809 ac
1627 3759 1719 3810 omn:

217 3837 362 4010 mpstlca
378 3837 486 3910 huius
504 3834 574 3904 loci
594 3831 811 4003 eppofitione
824 3832 940 3927 accipi
955 3846 1019 4004 pon·
1058 3852 1105 4001 ppo
1116 3830 1226 3945 domo
1250 3831 1392 3948 turbata
1413 3855 1459 4004 ap
1481 3833 1621 3910 tristitia
1642 3835 1719 4009 ’l'su

218 3962 251 4012 te
341 3961 413 4009 non
445 3954 606 4009 autema
689 3952 728 4003 ro
757 3953 831 4019 tta,
886 3952 995 4002 enutn
1121 3952 1158 4001 tn
1209 3954 1249 4002 ro
1278 3957 1313 4003 tn
1342 3955 1430 4004 uoc
1480 3980 1492 4018 ,
1538 3955 1584 4005 ut
1602 3958 1682 4007 coer

217 4048 251 4114 dt
277 3987 470 4132 principun.
520 4037 636 4105 Lucae
662 3955 761 4105 Enitir
783 3955 890 4117 dicitg,
909 4026 956 4104 55
983 4032 1018 4099 itt
1059 3954 1408 4130 tniliatgxstirgfftod
1422 4022 1618 4129 loquendam
1637 3960 1719 4107 erton¹

98 4148 103 4153 “
175 4132 182 4149 ’
216 4140 298 4227 coriti
315 4138 362 4215 θ’
396 4140 554 4209 interro
576 4131 741 4229 quaedam
768 4129 891 4209 futura
909 4126 1018 4224 figna.
1059 4121 1196 4219 iollibtcr
1215 4133 1317 4203 irrito
1328 4131 1425 4225 son,
1453 4132 1500 4207 dr'
1520 4136 1555 4204 in
1575 4134 1719 4228 furore]

217 4239 385 4335 Cumque
422 4228 586 4325 dixiffet,
618 4230 757 4302 domines
796 4231 1018 4302 exanimatum
1060 4233 1315 4317 conturbandos,
1354 4230 1439 4316 asar,
1472 4232 1517 4304 ll.
1563 4254 1593 4315 ς.
1636 4254 1719 4307 tunc

215 4338 261 4415 iri
278 4362 362 4435 proc
392 4332 578 4408 timore&
606 4328 839 4428 exsptflction'r
865 4348 1019 4417 eorum,
1065 4331 1246 4416 mondus,
1279 4327 1410 4426 quieti
1431 4330 1501 4403 Dei
1536 4331 1692 4419 domun,

219 4436 653 4536 quaeordisttpetoentttto,
679 4437 930 4524 atctonoptrttoc
948 4427 1024 4501 iub·
1067 4426 1238 4519 habitur,
1272 4450 1447 4527 creaturae
1485 4444 1613 4503 onrn'ee
1662 4433 1719 4531 lup

216 4518 318 4621 iicit:
347 4561 424 4609 nom
454 4534 502 4609 δ’
523 4537 660 4606 ot'rttttrt
687 4531 834 4601 celorum
856 4532 1026 4599 movebun-
1068 4527 1481 4622 coeliluminariapullis
1504 4528 1661 4605 vestibus
1692 4553 1719 4605 a:

225 4655 306 4724 rer,·
333 4634 534 4736 fignificant
547 4628 832 4707 commotionem
843 4630 1021 4729 virtutum
1061 4646 1150 4717 tur,
1176 4648 1220 4707 ac
1255 4628 1379 4701 omnia
1408 4649 1515 4726 erunt
1533 4628 1613 4704 dita
1637 4652 1681 4705 ac
1715 4656 1719 4700 t
