<?xml version="1.0" encoding="UTF-8"?>
<!DOCTYPE html PUBLIC "-//W3C//DTD XHTML 1.0 Transitional//EN"
    "http://www.w3.org/TR/xhtml1/DTD/xhtml1-transitional.dtd">
<html xmlns="http://www.w3.org/1999/xhtml" xml:lang="en" lang="en">
 <head>
  <title>
</title>
<meta http-equiv="Content-Type" content="text/html;charset=utf-8" />
  <meta name='ocr-system' content='tesseract 3.04.00' />
  <meta name='ocr-capabilities' content='ocr_page ocr_carea ocr_par ocr_line ocrx_word'/>
</head>
<body>
  <div class='ocr_page' id='page_1' title='image "./locitheologicic01cottgoog_0436.png"; bbox 0 0 4066 5468; ppageno 0'>
   <div class='ocr_carea' id='block_1_1' title="bbox 400 188 1702 356">
    <p class='ocr_par' dir='ltr' id='par_1_1' title="bbox 400 188 1702 356">
     <span class='ocr_line' id='line_1_1' title="bbox 400 188 1702 356; baseline 0.015 -49"><span class='ocrx_word' id='word_1_1' title='bbox 400 232 473 310; x_wconf 82' lang='lat' dir='ltr'>ou.</span> <span class='ocrx_word' id='word_1_2' title='bbox 514 224 686 356; x_wconf 77' lang='lat' dir='ltr'>ronuta</span> <span class='ocrx_word' id='word_1_3' title='bbox 734 188 1187 349; x_wconf 75' lang='lat' dir='ltr'>consummaturus</span> <span class='ocrx_word' id='word_1_4' title='bbox 1235 234 1411 315; x_wconf 76' lang='lat' dir='ltr'>steort.</span> <span class='ocrx_word' id='word_1_5' title='bbox 1651 204 1702 352; x_wconf 56' lang='grc' dir='ltr'>ε’,</span> 
     </span>
    </p>
   </div>
   <div class='ocr_carea' id='block_1_2' title="bbox 9 406 1973 4875">
    <p class='ocr_par' dir='ltr' id='par_1_2' title="bbox 9 406 1973 4875">
     <span class='ocr_line' id='line_1_2' title="bbox 70 406 1697 517; baseline 0.003 -30"><span class='ocrx_word' id='word_1_6' title='bbox 70 408 187 487; x_wconf 78' lang='lat' dir='ltr'>ricula</span> <span class='ocrx_word' id='word_1_7' title='bbox 216 435 260 499; x_wconf 77' lang='lat' dir='ltr'>ue</span> <span class='ocrx_word' id='word_1_8' title='bbox 285 408 419 508; x_wconf 83' lang='lat' dir='ltr'>exponi</span> <span class='ocrx_word' id='word_1_9' title='bbox 441 413 668 500; x_wconf 65' lang='lat' dir='ltr'>comissaliter,</span> <span class='ocrx_word' id='word_1_10' title='bbox 706 412 859 506; x_wconf 64' lang='grc' dir='ltr'>ικβαθιι</span> <span class='ocrx_word' id='word_1_11' title='bbox 901 406 1042 499; x_wconf 82' lang='lat' dir='ltr'>berario‘</span> <span class='ocrx_word' id='word_1_12' title='bbox 1063 412 1129 487; x_wconf 91' lang='lat' dir='ltr'>illa</span> <span class='ocrx_word' id='word_1_13' title='bbox 1158 435 1328 490; x_wconf 80' lang='lat' dir='ltr'>creatura</span> <span class='ocrx_word' id='word_1_14' title='bbox 1346 440 1419 491; x_wconf 87' lang='lat' dir='ltr'>non</span> <span class='ocrx_word' id='word_1_15' title='bbox 1446 416 1488 493; x_wconf 86' lang='lat' dir='ltr'>fit</span> <span class='ocrx_word' id='word_1_16' title='bbox 1503 438 1573 517; x_wconf 86' lang='lat' dir='ltr'>per</span> <span class='ocrx_word' id='word_1_17' title='bbox 1592 434 1697 499; x_wconf 82' lang='lat' dir='ltr'>reno.</span> 
     </span>
     <span class='ocr_line' id='line_1_3' title="bbox 71 512 1694 618; baseline 0.002 -35"><span class='ocrx_word' id='word_1_18' title='bbox 71 518 329 597; x_wconf 68' lang='lat' dir='ltr'>mercatura</span> <span class='ocrx_word' id='word_1_19' title='bbox 359 512 548 585; x_wconf 73' lang='lat' dir='ltr'>liberabitur</span> <span class='ocrx_word' id='word_1_20' title='bbox 569 538 591 584; x_wconf 90' lang='lat' dir='ltr'>a</span> <span class='ocrx_word' id='word_1_21' title='bbox 603 513 769 608; x_wconf 78' lang='lat' dir='ltr'>Jiroitrttr</span> <span class='ocrx_word' id='word_1_22' title='bbox 790 540 860 587; x_wconf 87' lang='lat' dir='ltr'>ror·</span> <span class='ocrx_word' id='word_1_23' title='bbox 901 512 1103 594; x_wconf 74' lang='lat' dir='ltr'>rationem,</span> <span class='ocrx_word' id='word_1_24' title='bbox 1131 512 1447 605; x_wconf 87' lang='lat' dir='ltr'>restaurationem,</span> <span class='ocrx_word' id='word_1_25' title='bbox 1472 519 1694 618; x_wconf 81' lang='lat' dir='ltr'>incorrupti.</span> 
     </span>
     <span class='ocr_line' id='line_1_4' title="bbox 72 605 1691 713; baseline 0.001 -34"><span class='ocrx_word' id='word_1_26' title='bbox 72 610 238 704; x_wconf 65' lang='lat' dir='ltr'>ruptionis</span> <span class='ocrx_word' id='word_1_27' title='bbox 252 611 287 681; x_wconf 81' lang='lat' dir='ltr'>iot</span> <span class='ocrx_word' id='word_1_28' title='bbox 298 611 478 679; x_wconf 77' lang='lat' dir='ltr'>libertatem</span> <span class='ocrx_word' id='word_1_29' title='bbox 490 610 857 708; x_wconf 79' lang='lat' dir='ltr'>glarioefiliarrentDri,</span> <span class='ocrx_word' id='word_1_30' title='bbox 901 605 1048 683; x_wconf 82' lang='lat' dir='ltr'>bilitatia</span> <span class='ocrx_word' id='word_1_31' title='bbox 1070 612 1432 686; x_wconf 74' lang='lat' dir='ltr'>communicationem</span> <span class='ocrx_word' id='word_1_32' title='bbox 1450 664 1463 702; x_wconf 92' lang='lat'><strong>‚</strong></span> <span class='ocrx_word' id='word_1_33' title='bbox 1488 618 1599 713; x_wconf 79' lang='lat' dir='ltr'>inque</span> <span class='ocrx_word' id='word_1_34' title='bbox 1615 643 1691 692; x_wconf 65' lang='lat' dir='ltr'>me.</span> 
     </span>
     <span class='ocr_line' id='line_1_5' title="bbox 65 704 1719 809; baseline 0.01 -38"><span class='ocrx_word' id='word_1_35' title='bbox 65 704 227 792; x_wconf 68' lang='lat' dir='ltr'>hanff,</span> <span class='ocrx_word' id='word_1_36' title='bbox 254 708 859 802; x_wconf 59' lang='lat' dir='ltr'>quandoerearurainconffimma.</span> <span class='ocrx_word' id='word_1_37' title='bbox 901 705 1030 777; x_wconf 86' lang='lat' dir='ltr'>lioront</span> <span class='ocrx_word' id='word_1_38' title='bbox 1056 708 1183 779; x_wconf 83' lang='lat' dir='ltr'>ilatum</span> <span class='ocrx_word' id='word_1_39' title='bbox 1213 712 1476 801; x_wconf 69' lang='lat' dir='ltr'>mutationem,</span> <span class='ocrx_word' id='word_1_40' title='bbox 1505 713 1719 809; x_wconf 88' lang='lat' dir='ltr'>sed·perl·-</span> 
     </span>
     <span class='ocr_line' id='line_1_6' title="bbox 71 800 1691 903; baseline 0.005 -25"><span class='ocrx_word' id='word_1_41' title='bbox 71 802 290 879; x_wconf 87' lang='lat' dir='ltr'>tionesceuli</span> <span class='ocrx_word' id='word_1_42' title='bbox 310 803 356 876; x_wconf 91' lang='lat' dir='ltr'>ab</span> <span class='ocrx_word' id='word_1_43' title='bbox 374 804 436 877; x_wconf 91' lang='lat' dir='ltr'>illa</span> <span class='ocrx_word' id='word_1_44' title='bbox 451 807 608 879; x_wconf 83' lang='lat' dir='ltr'>vanitate</span> <span class='ocrx_word' id='word_1_45' title='bbox 635 815 668 880; x_wconf 90' lang='lat'>&amp;</span> <span class='ocrx_word' id='word_1_46' title='bbox 692 805 860 882; x_wconf 84' lang='lat' dir='ltr'>servitute</span> <span class='ocrx_word' id='word_1_47' title='bbox 900 800 999 898; x_wconf 83' lang='lat' dir='ltr'>psam</span> <span class='ocrx_word' id='word_1_48' title='bbox 1028 805 1297 898; x_wconf 80' lang='lat' dir='ltr'>corruptionem</span> <span class='ocrx_word' id='word_1_49' title='bbox 1325 808 1434 901; x_wconf 75' lang='lat' dir='ltr'>atquc</span> <span class='ocrx_word' id='word_1_50' title='bbox 1461 812 1691 903; x_wconf 82' lang='lat' dir='ltr'>annihilarib·</span> 
     </span>
     <span class='ocr_line' id='line_1_7' title="bbox 71 900 1691 1005; baseline 0.007 -28"><span class='ocrx_word' id='word_1_51' title='bbox 71 902 316 996; x_wconf 75' lang='lat' dir='ltr'>corruptionis</span> <span class='ocrx_word' id='word_1_52' title='bbox 343 902 554 977; x_wconf 75' lang='lat' dir='ltr'>liberabitur</span> <span class='ocrx_word' id='word_1_53' title='bbox 577 951 589 989; x_wconf 89' lang='lat'><strong>‚</strong></span> <span class='ocrx_word' id='word_1_54' title='bbox 630 924 716 976; x_wconf 89' lang='lat' dir='ltr'>tunc</span> <span class='ocrx_word' id='word_1_55' title='bbox 731 905 861 977; x_wconf 81' lang='lat' dir='ltr'>libertas</span> <span class='ocrx_word' id='word_1_56' title='bbox 901 921 1007 987; x_wconf 65' lang='lat' dir='ltr'>nemo</span> <span class='ocrx_word' id='word_1_57' title='bbox 1034 904 1177 996; x_wconf 71' lang='lat' dir='ltr'>quissd⁰</span> <span class='ocrx_word' id='word_1_58' title='bbox 1194 900 1324 975; x_wconf 65' lang='lat' dir='ltr'>scilicet</span> <span class='ocrx_word' id='word_1_59' title='bbox 1339 905 1546 981; x_wconf 74' lang='lat' dir='ltr'>homiuibus</span> <span class='ocrx_word' id='word_1_60' title='bbox 1564 912 1691 1005; x_wconf 73' lang='lat' dir='ltr'>implsu</span> 
     </span>
     <span class='ocr_line' id='line_1_8' title="bbox 67 998 1690 1100; baseline 0.006 -28"><span class='ocrx_word' id='word_1_61' title='bbox 67 998 778 1100; x_wconf 81' lang='lat' dir='ltr'>gluriortivegloriosalibertaafiliorunt</span> <span class='ocrx_word' id='word_1_62' title='bbox 791 1004 859 1077; x_wconf 88' lang='lat' dir='ltr'>Dei</span> <span class='ocrx_word' id='word_1_63' title='bbox 900 1018 973 1066; x_wconf 81' lang='lat' dir='ltr'>nou</span> <span class='ocrx_word' id='word_1_64' title='bbox 1014 1000 1171 1093; x_wconf 87' lang='lat' dir='ltr'>amplius</span> <span class='ocrx_word' id='word_1_65' title='bbox 1201 1000 1376 1095; x_wconf 82' lang='lat' dir='ltr'>cogentur</span> <span class='ocrx_word' id='word_1_66' title='bbox 1403 1007 1547 1078; x_wconf 87' lang='lat' dir='ltr'>servire.</span> <span class='ocrx_word' id='word_1_67' title='bbox 1610 1010 1690 1096; x_wconf 85' lang='lat' dir='ltr'>Quo</span> 
     </span>
     <span class='ocr_line' id='line_1_9' title="bbox 69 1094 1746 1200; baseline 0.002 -31"><span class='ocrx_word' id='word_1_68' title='bbox 69 1102 110 1172; x_wconf 87' lang='lat' dir='ltr'>in</span> <span class='ocrx_word' id='word_1_69' title='bbox 130 1097 548 1193; x_wconf 80' lang='lat' dir='ltr'>publicoangelotum&amp;</span> <span class='ocrx_word' id='word_1_70' title='bbox 571 1101 858 1175; x_wconf 72' lang='lat' dir='ltr'>hominumcon.</span> <span class='ocrx_word' id='word_1_71' title='bbox 900 1094 998 1164; x_wconf 89' lang='lat' dir='ltr'>enim</span> <span class='ocrx_word' id='word_1_72' title='bbox 1017 1096 1118 1170; x_wconf 82' lang='lat' dir='ltr'>sensu</span> <span class='ocrx_word' id='word_1_73' title='bbox 1137 1100 1268 1168; x_wconf 81' lang='lat' dir='ltr'>ueniter</span> <span class='ocrx_word' id='word_1_74' title='bbox 1293 1097 1689 1200; x_wconf 65' lang='lat' dir='ltr'>&amp;seruiturrarroptio</span> <span class='ocrx_word' id='word_1_75' title='bbox 1742 1113 1746 1117; x_wconf 86' lang='grc'><strong>’</strong></span> 
     </span>
     <span class='ocr_line' id='line_1_10' title="bbox 68 1192 1724 1300; baseline -0.002 -30"><span class='ocrx_word' id='word_1_76' title='bbox 68 1194 193 1293; x_wconf 72' lang='lat' dir='ltr'>spectu</span> <span class='ocrx_word' id='word_1_77' title='bbox 214 1192 510 1267; x_wconf 83' lang='lat' dir='ltr'>manifestabitur.</span> <span class='ocrx_word' id='word_1_78' title='bbox 647 1234 654 1247; x_wconf 56' lang='grc' dir='ltr'><em>ι</em></span> <span class='ocrx_word' id='word_1_79' title='bbox 898 1193 1047 1288; x_wconf 82' lang='lat' dir='ltr'>nitipsts</span> <span class='ocrx_word' id='word_1_80' title='bbox 1085 1195 1278 1281; x_wconf 85' lang='lat' dir='ltr'>tribuitur,</span> <span class='ocrx_word' id='word_1_81' title='bbox 1304 1199 1430 1287; x_wconf 88' lang='lat' dir='ltr'>eodem</span> <span class='ocrx_word' id='word_1_82' title='bbox 1454 1200 1550 1272; x_wconf 89' lang='lat' dir='ltr'>sensu</span> <span class='ocrx_word' id='word_1_83' title='bbox 1575 1225 1724 1300; x_wconf 87' lang='lat' dir='ltr'>appo..</span> 
     </span>
     <span class='ocr_line' id='line_1_11' title="bbox 564 1288 1687 1392; baseline 0.007 -35"><span class='ocrx_word' id='word_1_84' title='bbox 564 1344 570 1357; x_wconf 86' lang='lat'>.</span> <span class='ocrx_word' id='word_1_85' title='bbox 901 1288 959 1360; x_wconf 85' lang='lat' dir='ltr'>stra</span> <span class='ocrx_word' id='word_1_86' title='bbox 980 1294 1142 1362; x_wconf 81' lang='lat' dir='ltr'>&#39;liberatio</span> <span class='ocrx_word' id='word_1_87' title='bbox 1174 1320 1193 1363; x_wconf 85' lang='lat' dir='ltr'>a</span> <span class='ocrx_word' id='word_1_88' title='bbox 1218 1292 1388 1385; x_wconf 85' lang='lat' dir='ltr'>seruitutis</span> <span class='ocrx_word' id='word_1_89' title='bbox 1415 1303 1632 1392; x_wconf 77' lang='lat' dir='ltr'>corruptioris</span> <span class='ocrx_word' id='word_1_90' title='bbox 1657 1305 1687 1377; x_wconf 81' lang='lat' dir='ltr'>l.</span> 
     </span>
     <span class='ocr_line' id='line_1_12' title="bbox 188 1384 1686 1494; baseline 0.009 -33"><span class='ocrx_word' id='word_1_91' title='bbox 188 1399 219 1475; x_wconf 75' lang='grc' dir='ltr'>ς.</span> <span class='ocrx_word' id='word_1_92' title='bbox 245 1388 336 1461; x_wconf 84' lang='lat' dir='ltr'>Llll.</span> <span class='ocrx_word' id='word_1_93' title='bbox 388 1385 491 1462; x_wconf 81' lang='lat' dir='ltr'>Hisce</span> <span class='ocrx_word' id='word_1_94' title='bbox 518 1388 856 1484; x_wconf 76' lang='lat' dir='ltr'>probe&#39;obsertiatio</span> <span class='ocrx_word' id='word_1_95' title='bbox 897 1384 965 1479; x_wconf 71' lang='lat' dir='ltr'>psts</span> <span class='ocrx_word' id='word_1_96' title='bbox 1000 1389 1243 1484; x_wconf 56' lang='lat' dir='ltr'>wignandi,</span> <span class='ocrx_word' id='word_1_97' title='bbox 1286 1413 1324 1464; x_wconf 79' lang='lat' dir='ltr'>ut</span> <span class='ocrx_word' id='word_1_98' title='bbox 1351 1384 1499 1492; x_wconf 72' lang='lat' dir='ltr'>ostendit</span> <span class='ocrx_word' id='word_1_99' title='bbox 1550 1397 1686 1494; x_wconf 87' lang='lat' dir='ltr'>oppali-</span> 
     </span>
     <span class='ocr_line' id='line_1_13' title="bbox 68 1485 1714 1583; baseline 0.004 -20"><span class='ocrx_word' id='word_1_100' title='bbox 68 1489 175 1563; x_wconf 85' lang='lat' dir='ltr'>iacile</span> <span class='ocrx_word' id='word_1_101' title='bbox 206 1492 353 1581; x_wconf 82' lang='lat' dir='ltr'>adparet</span> <span class='ocrx_word' id='word_1_102' title='bbox 380 1509 425 1557; x_wconf 90' lang='lat' dir='ltr'>ex</span> <span class='ocrx_word' id='word_1_103' title='bbox 456 1491 525 1560; x_wconf 90' lang='lat' dir='ltr'>hoc</span> <span class='ocrx_word' id='word_1_104' title='bbox 555 1489 634 1558; x_wconf 92' lang='lat' dir='ltr'>loco</span> <span class='ocrx_word' id='word_1_105' title='bbox 665 1489 855 1583; x_wconf 84' lang='lat' dir='ltr'>apostolico</span> <span class='ocrx_word' id='word_1_106' title='bbox 896 1485 958 1557; x_wconf 90' lang='lat' dir='ltr'>tio.</span> <span class='ocrx_word' id='word_1_107' title='bbox 1006 1487 1082 1558; x_wconf 90' lang='lat' dir='ltr'>lam</span> <span class='ocrx_word' id='word_1_108' title='bbox 1102 1510 1189 1560; x_wconf 84' lang='lat' dir='ltr'>vero</span> <span class='ocrx_word' id='word_1_109' title='bbox 1209 1494 1343 1561; x_wconf 79' lang='lat' dir='ltr'>vanitas</span> <span class='ocrx_word' id='word_1_110' title='bbox 1363 1489 1411 1564; x_wconf 72' lang='lat' dir='ltr'>&amp;i</span> <span class='ocrx_word' id='word_1_111' title='bbox 1422 1493 1714 1581; x_wconf 60' lang='lat' dir='ltr'>serviturarum·</span> 
     </span>
     <span class='ocr_line' id='line_1_14' title="bbox 68 1584 1685 1686; baseline 0.009 -25"><span class='ocrx_word' id='word_1_112' title='bbox 68 1588 309 1667; x_wconf 76' lang='lat' dir='ltr'>mutationem</span> <span class='ocrx_word' id='word_1_113' title='bbox 329 1584 650 1677; x_wconf 69' lang='lat' dir='ltr'>presentismunat</span> <span class='ocrx_word' id='word_1_114' title='bbox 671 1589 707 1656; x_wconf 82' lang='lat' dir='ltr'>tn</span> <span class='ocrx_word' id='word_1_115' title='bbox 729 1586 855 1663; x_wconf 82' lang='lat' dir='ltr'>statum</span> <span class='ocrx_word' id='word_1_116' title='bbox 893 1585 1014 1675; x_wconf 74' lang='lat' dir='ltr'>ationis</span> <span class='ocrx_word' id='word_1_117' title='bbox 1034 1605 1203 1655; x_wconf 77' lang='lat' dir='ltr'>creaturae</span> <span class='ocrx_word' id='word_1_118' title='bbox 1224 1586 1495 1662; x_wconf 81' lang='lat' dir='ltr'>tribuitarsensu</span> <span class='ocrx_word' id='word_1_119' title='bbox 1514 1614 1571 1677; x_wconf 79' lang='lat' dir='ltr'>er,</span> <span class='ocrx_word' id='word_1_120' title='bbox 1585 1596 1685 1686; x_wconf 83' lang='lat' dir='ltr'>quod</span> 
     </span>
     <span class='ocr_line' id='line_1_15' title="bbox 68 1680 1686 1776; baseline -0.001 -19"><span class='ocrx_word' id='word_1_121' title='bbox 68 1687 260 1757; x_wconf 86' lang='lat' dir='ltr'>meliorem</span> <span class='ocrx_word' id='word_1_122' title='bbox 277 1705 348 1752; x_wconf 90' lang='lat' dir='ltr'>non</span> <span class='ocrx_word' id='word_1_123' title='bbox 373 1680 467 1774; x_wconf 86' lang='lat' dir='ltr'>polle</span> <span class='ocrx_word' id='word_1_124' title='bbox 488 1682 686 1776; x_wconf 75' lang='lat' dir='ltr'>apodiliiee</span> <span class='ocrx_word' id='word_1_125' title='bbox 709 1686 854 1759; x_wconf 87' lang='lat' dir='ltr'>demon·</span> <span class='ocrx_word' id='word_1_126' title='bbox 894 1680 1018 1774; x_wconf 87' lang='lat' dir='ltr'>impiis</span> <span class='ocrx_word' id='word_1_127' title='bbox 1037 1682 1189 1774; x_wconf 86' lang='lat' dir='ltr'>turpiter</span> <span class='ocrx_word' id='word_1_128' title='bbox 1203 1703 1244 1754; x_wconf 93' lang='lat' dir='ltr'>ae</span> <span class='ocrx_word' id='word_1_129' title='bbox 1259 1683 1393 1756; x_wconf 87' lang='lat' dir='ltr'>nefarie</span> <span class='ocrx_word' id='word_1_130' title='bbox 1417 1708 1539 1760; x_wconf 85' lang='lat' dir='ltr'>contra</span> <span class='ocrx_word' id='word_1_131' title='bbox 1556 1694 1686 1767; x_wconf 87' lang='lat' dir='ltr'>volun.</span> 
     </span>
     <span class='ocr_line' id='line_1_16' title="bbox 65 1777 1684 1883; baseline -0.002 -28"><span class='ocrx_word' id='word_1_132' title='bbox 65 1782 171 1855; x_wconf 81' lang='lat' dir='ltr'>strati</span> <span class='ocrx_word' id='word_1_133' title='bbox 197 1777 499 1875; x_wconf 86' lang='lat' dir='ltr'>r)quods1enim</span> <span class='ocrx_word' id='word_1_134' title='bbox 523 1783 567 1850; x_wconf 87' lang='lat' dir='ltr'>de</span> <span class='ocrx_word' id='word_1_135' title='bbox 591 1795 740 1853; x_wconf 82' lang='lat' dir='ltr'>ereatura</span> <span class='ocrx_word' id='word_1_136' title='bbox 754 1808 851 1883; x_wconf 84' lang='lat' dir='ltr'>ange·</span> <span class='ocrx_word' id='word_1_137' title='bbox 893 1795 1001 1848; x_wconf 87' lang='lat' dir='ltr'>tarem</span> <span class='ocrx_word' id='word_1_138' title='bbox 1016 1782 1185 1851; x_wconf 81' lang='lat' dir='ltr'>creatoris</span> <span class='ocrx_word' id='word_1_139' title='bbox 1209 1781 1280 1851; x_wconf 87' lang='lat' dir='ltr'>illis</span> <span class='ocrx_word' id='word_1_140' title='bbox 1296 1781 1525 1857; x_wconf 82' lang='lat' dir='ltr'>abutentibus</span> <span class='ocrx_word' id='word_1_141' title='bbox 1547 1808 1684 1883; x_wconf 80' lang='lat' dir='ltr'>cogun.</span> 
     </span>
     <span class='ocr_line' id='line_1_17' title="bbox 66 1873 1942 1975; baseline 0.006 -25"><span class='ocrx_word' id='word_1_142' title='bbox 66 1882 129 1959; x_wconf 83' lang='lat' dir='ltr'>lico</span> <span class='ocrx_word' id='word_1_143' title='bbox 162 1882 221 1953; x_wconf 84' lang='lat' dir='ltr'>vel</span> <span class='ocrx_word' id='word_1_144' title='bbox 249 1879 394 1950; x_wconf 77' lang='lat' dir='ltr'>burtona</span> <span class='ocrx_word' id='word_1_145' title='bbox 426 1873 623 1949; x_wconf 71' lang='lat' dir='ltr'>subieilunt</span> <span class='ocrx_word' id='word_1_146' title='bbox 652 1879 851 1972; x_wconf 73' lang='lat' dir='ltr'>apostolica</span> <span class='ocrx_word' id='word_1_147' title='bbox 891 1893 950 1944; x_wconf 90' lang='lat' dir='ltr'>tur</span> <span class='ocrx_word' id='word_1_148' title='bbox 975 1876 1179 1949; x_wconf 78' lang='lat' dir='ltr'>inhacuita</span> <span class='ocrx_word' id='word_1_149' title='bbox 1197 1877 1340 1951; x_wconf 84' lang='lat' dir='ltr'>servire.</span> <span class='ocrx_word' id='word_1_150' title='bbox 1387 1880 1483 1975; x_wconf 81' lang='lat' dir='ltr'>Ergo</span> <span class='ocrx_word' id='word_1_151' title='bbox 1505 1885 1615 1958; x_wconf 86' lang='lat' dir='ltr'>ctiam</span> <span class='ocrx_word' id='word_1_152' title='bbox 1637 1873 1681 1959; x_wconf 83' lang='lat' dir='ltr'>it.</span> <span class='ocrx_word' id='word_1_153' title='bbox 1938 1938 1942 1945; x_wconf 88' lang='lat'>-</span> 
     </span>
     <span class='ocr_line' id='line_1_18' title="bbox 42 1970 1973 2073; baseline 0.004 -24"><span class='ocrx_word' id='word_1_154' title='bbox 42 1976 330 2073; x_wconf 66' lang='lat' dir='ltr'>‘predicationis</span> <span class='ocrx_word' id='word_1_155' title='bbox 348 1976 562 2068; x_wconf 82' lang='lat' dir='ltr'>accipiatur,</span> <span class='ocrx_word' id='word_1_156' title='bbox 590 1976 680 2047; x_wconf 89' lang='lat' dir='ltr'>nihil</span> <span class='ocrx_word' id='word_1_157' title='bbox 699 1979 850 2070; x_wconf 82' lang='lat' dir='ltr'>praefidii</span> <span class='ocrx_word' id='word_1_158' title='bbox 890 1970 1682 2071; x_wconf 82' lang='lat' dir='ltr'>beratioaservitutecorruptionis-eosensu</span> <span class='ocrx_word' id='word_1_159' title='bbox 1775 1980 1778 1985; x_wconf 76' lang='grc'><strong>’</strong></span> <span class='ocrx_word' id='word_1_160' title='bbox 1817 2058 1822 2067; x_wconf 72' lang='grc'>,</span> <span class='ocrx_word' id='word_1_161' title='bbox 1969 2048 1973 2055; x_wconf 94' lang='grc'>.</span> 
     </span>
     <span class='ocr_line' id='line_1_19' title="bbox 65 2069 1689 2167; baseline 0.004 -19"><span class='ocrx_word' id='word_1_162' title='bbox 65 2078 106 2148; x_wconf 88' lang='lat' dir='ltr'>in</span> <span class='ocrx_word' id='word_1_163' title='bbox 130 2078 199 2147; x_wconf 87' lang='lat' dir='ltr'>hoe</span> <span class='ocrx_word' id='word_1_164' title='bbox 230 2095 331 2148; x_wconf 80' lang='lat' dir='ltr'>textu</span> <span class='ocrx_word' id='word_1_165' title='bbox 359 2074 569 2157; x_wconf 85' lang='lat' dir='ltr'>invenient,</span> <span class='ocrx_word' id='word_1_166' title='bbox 608 2074 672 2167; x_wconf 84' lang='lat' dir='ltr'>qui</span> <span class='ocrx_word' id='word_1_167' title='bbox 688 2077 849 2147; x_wconf 87' lang='lat' dir='ltr'>acciden-</span> <span class='ocrx_word' id='word_1_168' title='bbox 889 2069 963 2141; x_wconf 82' lang='lat' dir='ltr'>illia</span> <span class='ocrx_word' id='word_1_169' title='bbox 986 2071 1209 2160; x_wconf 88' lang='lat' dir='ltr'>tribuenda,</span> <span class='ocrx_word' id='word_1_170' title='bbox 1252 2076 1349 2167; x_wconf 84' lang='lat' dir='ltr'>quod</span> <span class='ocrx_word' id='word_1_171' title='bbox 1374 2074 1560 2149; x_wconf 84' lang='lat' dir='ltr'>servitium</span> <span class='ocrx_word' id='word_1_172' title='bbox 1590 2078 1689 2155; x_wconf 90' lang='lat' dir='ltr'>illud·</span> 
     </span>
     <span class='ocr_line' id='line_1_20' title="bbox 63 2169 1759 2269; baseline 0.003 -24"><span class='ocrx_word' id='word_1_173' title='bbox 63 2172 159 2245; x_wconf 90' lang='lat' dir='ltr'>tiunt</span> <span class='ocrx_word' id='word_1_174' title='bbox 185 2175 358 2245; x_wconf 83' lang='lat' dir='ltr'>duntaxat</span> <span class='ocrx_word' id='word_1_175' title='bbox 379 2169 612 2243; x_wconf 82' lang='lat' dir='ltr'>abolitionem</span> <span class='ocrx_word' id='word_1_176' title='bbox 641 2171 848 2245; x_wconf 83' lang='lat' dir='ltr'>defendunt.</span> <span class='ocrx_word' id='word_1_177' title='bbox 888 2186 962 2239; x_wconf 90' lang='lat' dir='ltr'>una</span> <span class='ocrx_word' id='word_1_178' title='bbox 992 2188 1075 2241; x_wconf 87' lang='lat' dir='ltr'>eum</span> <span class='ocrx_word' id='word_1_179' title='bbox 1094 2171 1160 2240; x_wconf 88' lang='lat' dir='ltr'>hac</span> <span class='ocrx_word' id='word_1_180' title='bbox 1182 2171 1257 2242; x_wconf 89' lang='lat' dir='ltr'>vita</span> <span class='ocrx_word' id='word_1_181' title='bbox 1281 2172 1424 2244; x_wconf 84' lang='lat' dir='ltr'>mortali</span> <span class='ocrx_word' id='word_1_182' title='bbox 1440 2173 1680 2269; x_wconf 73' lang='lat' dir='ltr'>definat,quoe</span> <span class='ocrx_word' id='word_1_183' title='bbox 1752 2202 1759 2213; x_wconf 77' lang='grc'><em>’</em></span> 
     </span>
     <span class='ocr_line' id='line_1_21' title="bbox 63 2262 1679 2366; baseline 0.002 -25"><span class='ocrx_word' id='word_1_184' title='bbox 63 2270 136 2341; x_wconf 85' lang='lat' dir='ltr'>Sed</span> <span class='ocrx_word' id='word_1_185' title='bbox 162 2272 248 2366; x_wconf 86' lang='lat' dir='ltr'>quia</span> <span class='ocrx_word' id='word_1_186' title='bbox 271 2269 582 2361; x_wconf 84' lang='lat' dir='ltr'>interpretationes</span> <span class='ocrx_word' id='word_1_187' title='bbox 613 2268 714 2354; x_wconf 76' lang='lat' dir='ltr'>illa,</span> <span class='ocrx_word' id='word_1_188' title='bbox 761 2272 845 2342; x_wconf 87' lang='lat' dir='ltr'>licet</span> <span class='ocrx_word' id='word_1_189' title='bbox 889 2262 1021 2337; x_wconf 84' lang='lat' dir='ltr'>servitii</span> <span class='ocrx_word' id='word_1_190' title='bbox 1036 2264 1182 2336; x_wconf 90' lang='lat' dir='ltr'>abolitio</span> <span class='ocrx_word' id='word_1_191' title='bbox 1216 2289 1288 2337; x_wconf 89' lang='lat' dir='ltr'>non</span> <span class='ocrx_word' id='word_1_192' title='bbox 1317 2268 1430 2341; x_wconf 88' lang='lat' dir='ltr'>solum</span> <span class='ocrx_word' id='word_1_193' title='bbox 1451 2292 1518 2365; x_wconf 90' lang='lat' dir='ltr'>per</span> <span class='ocrx_word' id='word_1_194' title='bbox 1542 2295 1679 2346; x_wconf 84' lang='lat' dir='ltr'>renoua-</span> 
     </span>
     <span class='ocr_line' id='line_1_22' title="bbox 62 2363 1680 2465; baseline 0.004 -25"><span class='ocrx_word' id='word_1_195' title='bbox 62 2370 210 2465; x_wconf 80' lang='lat' dir='ltr'>magnis</span> <span class='ocrx_word' id='word_1_196' title='bbox 228 2368 265 2439; x_wconf 88' lang='lat' dir='ltr'>in</span> <span class='ocrx_word' id='word_1_197' title='bbox 286 2363 428 2438; x_wconf 84' lang='lat' dir='ltr'>&#39;ecclelra</span> <span class='ocrx_word' id='word_1_198' title='bbox 444 2363 652 2451; x_wconf 76' lang='lat' dir='ltr'>doctoribus</span> <span class='ocrx_word' id='word_1_199' title='bbox 665 2365 846 2459; x_wconf 79' lang='lat' dir='ltr'>probata,</span> <span class='ocrx_word' id='word_1_200' title='bbox 888 2364 1002 2433; x_wconf 80' lang='lat' dir='ltr'>tionem</span> <span class='ocrx_word' id='word_1_201' title='bbox 1018 2404 1048 2451; x_wconf 84' lang='lat'>‚·</span> <span class='ocrx_word' id='word_1_202' title='bbox 1071 2384 1113 2433; x_wconf 82' lang='lat' dir='ltr'>ac</span> <span class='ocrx_word' id='word_1_203' title='bbox 1133 2364 1452 2449; x_wconf 78' lang='lat' dir='ltr'>restaurationem,</span> <span class='ocrx_word' id='word_1_204' title='bbox 1489 2366 1549 2461; x_wconf 78' lang='lat' dir='ltr'>sed</span> <span class='ocrx_word' id='word_1_205' title='bbox 1572 2371 1680 2446; x_wconf 86' lang='lat' dir='ltr'>etiam</span> 
     </span>
     <span class='ocr_line' id='line_1_23' title="bbox 62 2461 1726 2562; baseline 0.005 -25"><span class='ocrx_word' id='word_1_206' title='bbox 62 2468 179 2537; x_wconf 81' lang='lat' dir='ltr'>textui</span> <span class='ocrx_word' id='word_1_207' title='bbox 195 2464 569 2545; x_wconf 83' lang='lat' dir='ltr'>minusconveniunt‚</span> <span class='ocrx_word' id='word_1_208' title='bbox 585 2484 637 2535; x_wconf 82' lang='lat' dir='ltr'>ac</span> <span class='ocrx_word' id='word_1_209' title='bbox 653 2463 864 2557; x_wconf 82' lang='lat' dir='ltr'>firnplicius¹</span> <span class='ocrx_word' id='word_1_210' title='bbox 887 2482 956 2551; x_wconf 78' lang='lat' dir='ltr'>per</span> <span class='ocrx_word' id='word_1_211' title='bbox 975 2462 1232 2532; x_wconf 74' lang='lat' dir='ltr'>annihilationem</span> <span class='ocrx_word' id='word_1_212' title='bbox 1247 2462 1336 2533; x_wconf 81' lang='lat' dir='ltr'>&#39;fieri</span> <span class='ocrx_word' id='word_1_213' title='bbox 1359 2461 1499 2556; x_wconf 86' lang='lat' dir='ltr'>potest3</span> <span class='ocrx_word' id='word_1_214' title='bbox 1533 2488 1575 2537; x_wconf 88' lang='lat' dir='ltr'>ac</span> <span class='ocrx_word' id='word_1_215' title='bbox 1595 2490 1690 2562; x_wconf 86' lang='lat' dir='ltr'>pro·.</span> <span class='ocrx_word' id='word_1_216' title='bbox 1722 2518 1726 2524; x_wconf 94' lang='lat'>-</span> 
     </span>
     <span class='ocr_line' id='line_1_24' title="bbox 63 2558 1676 2658; baseline 0.002 -27"><span class='ocrx_word' id='word_1_217' title='bbox 63 2562 115 2635; x_wconf 83' lang='lat' dir='ltr'>est</span> <span class='ocrx_word' id='word_1_218' title='bbox 133 2586 200 2658; x_wconf 86' lang='lat' dir='ltr'>per</span> <span class='ocrx_word' id='word_1_219' title='bbox 218 2575 401 2654; x_wconf 76' lang='lat' dir='ltr'>ereaturam</span> <span class='ocrx_word' id='word_1_220' title='bbox 419 2560 620 2655; x_wconf 80' lang='lat' dir='ltr'>intelligere</span> <span class='ocrx_word' id='word_1_221' title='bbox 642 2559 847 2636; x_wconf 81' lang='lat' dir='ltr'>universum</span> <span class='ocrx_word' id='word_1_222' title='bbox 889 2558 975 2630; x_wconf 83' lang='lat' dir='ltr'>inde</span> <span class='ocrx_word' id='word_1_223' title='bbox 1004 2559 1047 2630; x_wconf 91' lang='lat' dir='ltr'>ab</span> <span class='ocrx_word' id='word_1_224' title='bbox 1074 2562 1318 2630; x_wconf 82' lang='lat' dir='ltr'>indeterminato</span> <span class='ocrx_word' id='word_1_225' title='bbox 1344 2561 1676 2654; x_wconf 66' lang='lat' dir='ltr'>taciturnitatem,</span> 
     </span>
     <span class='ocr_line' id='line_1_25' title="bbox 62 2655 1926 2752; baseline 0.001 -19"><span class='ocrx_word' id='word_1_226' title='bbox 62 2681 267 2734; x_wconf 85' lang='lat' dir='ltr'>creaturam</span> <span class='ocrx_word' id='word_1_227' title='bbox 286 2655 519 2750; x_wconf 70' lang='lat' dir='ltr'>corporcant,</span> <span class='ocrx_word' id='word_1_228' title='bbox 552 2658 725 2739; x_wconf 86' lang='lat' dir='ltr'>viltbilam</span> <span class='ocrx_word' id='word_1_229' title='bbox 747 2666 780 2731; x_wconf 80' lang='lat' dir='ltr'>dt</span> <span class='ocrx_word' id='word_1_230' title='bbox 801 2662 848 2732; x_wconf 86' lang='lat' dir='ltr'>ir·</span> <span class='ocrx_word' id='word_1_231' title='bbox 888 2674 1045 2752; x_wconf 75' lang='lat' dir='ltr'>agerere</span> <span class='ocrx_word' id='word_1_232' title='bbox 1059 2659 1104 2728; x_wconf 90' lang='lat' dir='ltr'>ad</span> <span class='ocrx_word' id='word_1_233' title='bbox 1130 2669 1249 2729; x_wconf 80' lang='lat' dir='ltr'>ceriam</span> <span class='ocrx_word' id='word_1_234' title='bbox 1254 2656 1413 2751; x_wconf 74' lang='lat' dir='ltr'>speeiem,</span> <span class='ocrx_word' id='word_1_235' title='bbox 1450 2660 1678 2735; x_wconf 71' lang='lat' dir='ltr'>alienatione</span> <span class='ocrx_word' id='word_1_236' title='bbox 1830 2712 1833 2717; x_wconf 90' lang='lat'>-</span> <span class='ocrx_word' id='word_1_237' title='bbox 1921 2707 1926 2714; x_wconf 94' lang='lat'>-</span> 
     </span>
     <span class='ocr_line' id='line_1_26' title="bbox 58 2755 1792 2849; baseline -0.006 -16"><span class='ocrx_word' id='word_1_238' title='bbox 58 2759 303 2843; x_wconf 79' lang='lat' dir='ltr'>rationalem,¹</span> <span class='ocrx_word' id='word_1_239' title='bbox 319 2756 401 2827; x_wconf 90' lang='lat' dir='ltr'>ideo</span> <span class='ocrx_word' id='word_1_240' title='bbox 428 2756 616 2840; x_wconf 86' lang='lat' dir='ltr'>addimus,</span> <span class='ocrx_word' id='word_1_241' title='bbox 643 2756 694 2843; x_wconf 85' lang='lat'>2)</span> <span class='ocrx_word' id='word_1_242' title='bbox 713 2755 846 2849; x_wconf 84' lang='lat' dir='ltr'>apollo·</span> <span class='ocrx_word' id='word_1_243' title='bbox 887 2755 932 2822; x_wconf 81' lang='lat' dir='ltr'>ud</span> <span class='ocrx_word' id='word_1_244' title='bbox 949 2758 1077 2826; x_wconf 77' lang='lat' dir='ltr'>modum</span> <span class='ocrx_word' id='word_1_245' title='bbox 1106 2755 1302 2827; x_wconf 78' lang='lat' dir='ltr'>liberationis</span> <span class='ocrx_word' id='word_1_246' title='bbox 1316 2775 1382 2848; x_wconf 86' lang='lat' dir='ltr'>per</span> <span class='ocrx_word' id='word_1_247' title='bbox 1401 2758 1676 2834; x_wconf 83' lang='lat' dir='ltr'>renovationem</span> <span class='ocrx_word' id='word_1_248' title='bbox 1785 2812 1792 2822; x_wconf 92' lang='lat'>.</span> 
     </span>
     <span class='ocr_line' id='line_1_27' title="bbox 57 2846 1748 2949; baseline -0.001 -20"><span class='ocrx_word' id='word_1_249' title='bbox 57 2858 140 2929; x_wconf 85' lang='lat' dir='ltr'>lum</span> <span class='ocrx_word' id='word_1_250' title='bbox 166 2873 397 2949; x_wconf 82' lang='lat' dir='ltr'>nequaquam</span> <span class='ocrx_word' id='word_1_251' title='bbox 413 2852 557 2937; x_wconf 81' lang='lat' dir='ltr'>dicere,</span> <span class='ocrx_word' id='word_1_252' title='bbox 597 2853 844 2946; x_wconf 85' lang='lat' dir='ltr'>quodstbcran·</span> <span class='ocrx_word' id='word_1_253' title='bbox 873 2868 958 2927; x_wconf 75' lang='lat' dir='ltr'>utu</span> <span class='ocrx_word' id='word_1_254' title='bbox 981 2849 1086 2921; x_wconf 88' lang='lat' dir='ltr'>debet</span> <span class='ocrx_word' id='word_1_255' title='bbox 1122 2851 1198 2923; x_wconf 84' lang='lat' dir='ltr'>fieri</span> <span class='ocrx_word' id='word_1_256' title='bbox 1227 2846 1442 2947; x_wconf 75' lang='lat' dir='ltr'>progressus.</span> <span class='ocrx_word' id='word_1_257' title='bbox 1503 2856 1561 2944; x_wconf 87' lang='lat'>4)</span> <span class='ocrx_word' id='word_1_258' title='bbox 1585 2854 1675 2927; x_wconf 87' lang='lat' dir='ltr'>Ter·</span> <span class='ocrx_word' id='word_1_259' title='bbox 1745 2940 1748 2946; x_wconf 21' lang='grc' dir='ltr'>Ι</span> 
     </span>
     <span class='ocr_line' id='line_1_28' title="bbox 58 2945 1819 3051; baseline 0.002 -30"><span class='ocrx_word' id='word_1_260' title='bbox 58 2955 327 3051; x_wconf 69' lang='lat' dir='ltr'>destruerem</span> <span class='ocrx_word' id='word_1_261' title='bbox 348 2975 370 3018; x_wconf 84' lang='lat' dir='ltr'>a</span> <span class='ocrx_word' id='word_1_262' title='bbox 396 2951 623 3041; x_wconf 77' lang='lat' dir='ltr'>corruptione,</span> <span class='ocrx_word' id='word_1_263' title='bbox 652 2952 843 3043; x_wconf 83' lang='lat' dir='ltr'>quaephra·</span> <span class='ocrx_word' id='word_1_264' title='bbox 883 2945 1056 3019; x_wconf 80' lang='lat' dir='ltr'>tullianus</span> <span class='ocrx_word' id='word_1_265' title='bbox 1078 2948 1158 3020; x_wconf 89' lang='lat' dir='ltr'>libr.</span> <span class='ocrx_word' id='word_1_266' title='bbox 1186 2953 1230 3021; x_wconf 89' lang='lat' dir='ltr'>de</span> <span class='ocrx_word' id='word_1_267' title='bbox 1254 2952 1363 3021; x_wconf 87' lang='lat' dir='ltr'>anim.</span> <span class='ocrx_word' id='word_1_268' title='bbox 1382 2969 1457 3041; x_wconf 90' lang='lat' dir='ltr'>cap.</span> <span class='ocrx_word' id='word_1_269' title='bbox 1475 2967 1535 3044; x_wconf 82' lang='lat'>42.</span> <span class='ocrx_word' id='word_1_270' title='bbox 1565 2953 1608 3023; x_wconf 86' lang='lat' dir='ltr'>de</span> <span class='ocrx_word' id='word_1_271' title='bbox 1624 2954 1674 3025; x_wconf 71' lang='lat' dir='ltr'>u.</span> <span class='ocrx_word' id='word_1_272' title='bbox 1812 3032 1819 3051; x_wconf 76' lang='lat'>.</span> 
     </span>
     <span class='ocr_line' id='line_1_29' title="bbox 58 3041 1677 3142; baseline -0.001 -18"><span class='ocrx_word' id='word_1_273' title='bbox 58 3050 105 3124; x_wconf 75' lang='lat' dir='ltr'>fia</span> <span class='ocrx_word' id='word_1_274' title='bbox 130 3049 344 3122; x_wconf 78' lang='lat' dir='ltr'>substantiali</span> <span class='ocrx_word' id='word_1_275' title='bbox 368 3048 530 3117; x_wconf 87' lang='lat' dir='ltr'>interitui</span> <span class='ocrx_word' id='word_1_276' title='bbox 546 3046 702 3142; x_wconf 80' lang='lat' dir='ltr'>oppofita</span> <span class='ocrx_word' id='word_1_277' title='bbox 724 3048 842 3120; x_wconf 87' lang='lat' dir='ltr'>videri</span> <span class='ocrx_word' id='word_1_278' title='bbox 881 3041 1009 3134; x_wconf 80' lang='lat' dir='ltr'>picuto</span> <span class='ocrx_word' id='word_1_279' title='bbox 1037 3067 1238 3130; x_wconf 80' lang='lat' dir='ltr'>memorat,</span> <span class='ocrx_word' id='word_1_280' title='bbox 1279 3046 1376 3136; x_wconf 90' lang='lat' dir='ltr'>quod</span> <span class='ocrx_word' id='word_1_281' title='bbox 1402 3060 1535 3117; x_wconf 83' lang='lat' dir='ltr'>martem</span> <span class='ocrx_word' id='word_1_282' title='bbox 1556 3054 1677 3123; x_wconf 76' lang='lat' dir='ltr'>adnot</span> 
     </span>
     <span class='ocr_line' id='line_1_30' title="bbox 54 3139 1824 3245; baseline 0.001 -31"><span class='ocrx_word' id='word_1_283' title='bbox 54 3168 220 3244; x_wconf 84' lang='lat' dir='ltr'>poterat,</span> <span class='ocrx_word' id='word_1_284' title='bbox 245 3146 304 3219; x_wconf 92' lang='lat' dir='ltr'>sed</span> <span class='ocrx_word' id='word_1_285' title='bbox 319 3145 500 3239; x_wconf 73' lang='lat' dir='ltr'>asperitate</span> <span class='ocrx_word' id='word_1_286' title='bbox 508 3146 744 3240; x_wconf 80' lang='lat' dir='ltr'>corruptionis,</span> <span class='ocrx_word' id='word_1_287' title='bbox 761 3163 841 3236; x_wconf 88' lang='lat' dir='ltr'>quat</span> <span class='ocrx_word' id='word_1_288' title='bbox 881 3139 962 3208; x_wconf 84' lang='lat' dir='ltr'>nibil</span> <span class='ocrx_word' id='word_1_289' title='bbox 968 3146 1159 3233; x_wconf 75' lang='lat' dir='ltr'>pertinere,</span> <span class='ocrx_word' id='word_1_290' title='bbox 1187 3144 1241 3235; x_wconf 78' lang='lat' dir='ltr'>boe</span> <span class='ocrx_word' id='word_1_291' title='bbox 1257 3145 1397 3211; x_wconf 72' lang='lat' dir='ltr'>evitem</span> <span class='ocrx_word' id='word_1_292' title='bbox 1411 3143 1547 3215; x_wconf 84' lang='lat' dir='ltr'>uoluerit</span> <span class='ocrx_word' id='word_1_293' title='bbox 1567 3170 1673 3245; x_wconf 79' lang='lat' dir='ltr'>argu·</span> <span class='ocrx_word' id='word_1_294' title='bbox 1817 3180 1824 3187; x_wconf 93' lang='lat'>··</span> 
     </span>
     <span class='ocr_line' id='line_1_31' title="bbox 55 3235 1670 3339; baseline -0.004 -20"><span class='ocrx_word' id='word_1_295' title='bbox 55 3247 177 3333; x_wconf 82' lang='lat' dir='ltr'>cidem</span> <span class='ocrx_word' id='word_1_296' title='bbox 209 3235 360 3321; x_wconf 83' lang='lat' dir='ltr'>minime</span> <span class='ocrx_word' id='word_1_297' title='bbox 384 3239 601 3314; x_wconf 83' lang='lat' dir='ltr'>adversatur.</span> <span class='ocrx_word' id='word_1_298' title='bbox 652 3242 779 3313; x_wconf 84' lang='lat' dir='ltr'>Renati</span> <span class='ocrx_word' id='word_1_299' title='bbox 802 3242 841 3313; x_wconf 89' lang='lat' dir='ltr'>ln</span> <span class='ocrx_word' id='word_1_300' title='bbox 881 3252 1009 3324; x_wconf 80' lang='lat' dir='ltr'>mento,</span> <span class='ocrx_word' id='word_1_301' title='bbox 1034 3246 1119 3333; x_wconf 84' lang='lat' dir='ltr'>quad</span> <span class='ocrx_word' id='word_1_302' title='bbox 1134 3236 1313 3335; x_wconf 67' lang='lat' dir='ltr'>dislitluitur</span> <span class='ocrx_word' id='word_1_303' title='bbox 1327 3286 1338 3319; x_wconf 84' lang='grc'>,</span> <span class='ocrx_word' id='word_1_304' title='bbox 1351 3238 1450 3329; x_wconf 77' lang='lat' dir='ltr'>seufia</span> <span class='ocrx_word' id='word_1_305' title='bbox 1464 3250 1670 3339; x_wconf 53' lang='lat' dir='ltr'>cartapeta</span> 
     </span>
     <span class='ocr_line' id='line_1_32' title="bbox 42 3336 1672 3436; baseline -0.003 -19"><span class='ocrx_word' id='word_1_306' title='bbox 42 3344 127 3427; x_wconf 75' lang='lat' dir='ltr'>¹ltac</span> <span class='ocrx_word' id='word_1_307' title='bbox 144 3336 253 3419; x_wconf 84' lang='lat' dir='ltr'>etiarn</span> <span class='ocrx_word' id='word_1_308' title='bbox 270 3344 343 3413; x_wconf 88' lang='lat' dir='ltr'>vita</span> <span class='ocrx_word' id='word_1_309' title='bbox 351 3338 551 3412; x_wconf 87' lang='lat' dir='ltr'>liberantur</span> <span class='ocrx_word' id='word_1_310' title='bbox 570 3361 591 3412; x_wconf 92' lang='lat' dir='ltr'>a</span> <span class='ocrx_word' id='word_1_311' title='bbox 598 3341 760 3436; x_wconf 83' lang='lat' dir='ltr'>seruitute</span> <span class='ocrx_word' id='word_1_312' title='bbox 764 3361 841 3431; x_wconf 84' lang='lat' dir='ltr'>pee-</span> <span class='ocrx_word' id='word_1_313' title='bbox 881 3347 990 3405; x_wconf 78' lang='lat' dir='ltr'>autem</span> <span class='ocrx_word' id='word_1_314' title='bbox 998 3336 1097 3432; x_wconf 64' lang='lat' dir='ltr'>seusu</span> <span class='ocrx_word' id='word_1_315' title='bbox 1120 3350 1237 3419; x_wconf 80' lang='lat' dir='ltr'>curet,</span> <span class='ocrx_word' id='word_1_316' title='bbox 1261 3336 1399 3407; x_wconf 82' lang='lat' dir='ltr'>rtiltilad</span> <span class='ocrx_word' id='word_1_317' title='bbox 1414 3360 1484 3409; x_wconf 80' lang='lat' dir='ltr'>nas.</span> <span class='ocrx_word' id='word_1_318' title='bbox 1536 3341 1672 3419; x_wconf 80' lang='lat' dir='ltr'>Seneca</span> 
     </span>
     <span class='ocr_line' id='line_1_33' title="bbox 53 3432 1672 3528; baseline -0.001 -13"><span class='ocrx_word' id='word_1_319' title='bbox 53 3444 148 3528; x_wconf 82' lang='lat' dir='ltr'>coti,</span> <span class='ocrx_word' id='word_1_320' title='bbox 175 3442 281 3511; x_wconf 85' lang='lat' dir='ltr'>Rom.</span> <span class='ocrx_word' id='word_1_321' title='bbox 300 3438 363 3508; x_wconf 88' lang='lat' dir='ltr'>vt.</span> <span class='ocrx_word' id='word_1_322' title='bbox 382 3457 417 3528; x_wconf 88' lang='lat'>7.</span> <span class='ocrx_word' id='word_1_323' title='bbox 444 3437 589 3510; x_wconf 89' lang='lat' dir='ltr'>interim</span> <span class='ocrx_word' id='word_1_324' title='bbox 605 3435 838 3511; x_wconf 85' lang='lat' dir='ltr'>nonlibcran-</span> <span class='ocrx_word' id='word_1_325' title='bbox 881 3434 918 3503; x_wconf 91' lang='lat' dir='ltr'>in</span> <span class='ocrx_word' id='word_1_326' title='bbox 940 3432 1105 3506; x_wconf 89' lang='lat' dir='ltr'>consolat.</span> <span class='ocrx_word' id='word_1_327' title='bbox 1119 3438 1163 3507; x_wconf 91' lang='lat' dir='ltr'>ad</span> <span class='ocrx_word' id='word_1_328' title='bbox 1180 3434 1384 3527; x_wconf 84' lang='lat' dir='ltr'>Martiam,</span> <span class='ocrx_word' id='word_1_329' title='bbox 1403 3438 1672 3527; x_wconf 80' lang='lat' dir='ltr'>perrnortctttio·</span> 
     </span>
     <span class='ocr_line' id='line_1_34' title="bbox 9 3531 1672 3633; baseline -0.002 -20"><span class='ocrx_word' id='word_1_330' title='bbox 9 3563 14 3576; x_wconf 89' lang='lat'><strong>·</strong></span> <span class='ocrx_word' id='word_1_331' title='bbox 52 3559 118 3613; x_wconf 86' lang='lat' dir='ltr'>ntr</span> <span class='ocrx_word' id='word_1_332' title='bbox 128 3534 420 3633; x_wconf 81' lang='lat' dir='ltr'>plenarieabipso</span> <span class='ocrx_word' id='word_1_333' title='bbox 425 3548 550 3626; x_wconf 85' lang='lat' dir='ltr'>perroto</span> <span class='ocrx_word' id='word_1_334' title='bbox 564 3584 578 3622; x_wconf 83' lang='lat'>‚</span> <span class='ocrx_word' id='word_1_335' title='bbox 592 3538 729 3630; x_wconf 82' lang='lat' dir='ltr'>quippe</span> <span class='ocrx_word' id='word_1_336' title='bbox 740 3535 840 3627; x_wconf 85' lang='lat' dir='ltr'>quod</span> <span class='ocrx_word' id='word_1_337' title='bbox 880 3533 960 3601; x_wconf 78' lang='lat' dir='ltr'>trini</span> <span class='ocrx_word' id='word_1_338' title='bbox 976 3531 1192 3603; x_wconf 74' lang='lat' dir='ltr'>literatiooem</span> <span class='ocrx_word' id='word_1_339' title='bbox 1208 3536 1250 3605; x_wconf 85' lang='lat' dir='ltr'>ab</span> <span class='ocrx_word' id='word_1_340' title='bbox 1270 3535 1532 3617; x_wconf 63' lang='lat' dir='ltr'>omuiburotalit</span> <span class='ocrx_word' id='word_1_341' title='bbox 1546 3541 1672 3610; x_wconf 81' lang='lat' dir='ltr'>cautiu-</span> 
     </span>
     <span class='ocr_line' id='line_1_35' title="bbox 50 3628 1671 3726; baseline -0.002 -16"><span class='ocrx_word' id='word_1_342' title='bbox 50 3636 94 3711; x_wconf 86' lang='lat' dir='ltr'>in</span> <span class='ocrx_word' id='word_1_343' title='bbox 117 3656 222 3709; x_wconf 84' lang='lat' dir='ltr'>carne</span> <span class='ocrx_word' id='word_1_344' title='bbox 247 3633 406 3726; x_wconf 88' lang='lat' dir='ltr'>ipsorum</span> <span class='ocrx_word' id='word_1_345' title='bbox 421 3633 538 3704; x_wconf 87' lang='lat' dir='ltr'>adbuc</span> <span class='ocrx_word' id='word_1_346' title='bbox 559 3635 717 3718; x_wconf 85' lang='lat' dir='ltr'>habitat,</span> <span class='ocrx_word' id='word_1_347' title='bbox 759 3630 838 3703; x_wconf 89' lang='lat' dir='ltr'>Vll.</span> <span class='ocrx_word' id='word_1_348' title='bbox 876 3652 955 3723; x_wconf 81' lang='lat' dir='ltr'>gere</span> <span class='ocrx_word' id='word_1_349' title='bbox 973 3628 1082 3720; x_wconf 80' lang='lat' dir='ltr'>dieit3</span> <span class='ocrx_word' id='word_1_350' title='bbox 1107 3652 1218 3725; x_wconf 86' lang='lat' dir='ltr'>atque</span> <span class='ocrx_word' id='word_1_351' title='bbox 1233 3631 1378 3703; x_wconf 86' lang='lat' dir='ltr'>interitu</span> <span class='ocrx_word' id='word_1_352' title='bbox 1401 3632 1439 3701; x_wconf 91' lang='lat' dir='ltr'>in</span> <span class='ocrx_word' id='word_1_353' title='bbox 1453 3652 1671 3709; x_wconf 84' lang='lat' dir='ltr'>monetam·</span> 
     </span>
     <span class='ocr_line' id='line_1_36' title="bbox 54 3726 1723 3829; baseline 0 -25"><span class='ocrx_word' id='word_1_354' title='bbox 54 3758 115 3829; x_wconf 70' lang='grc' dir='ltr'><strong>η</strong></span> <span class='ocrx_word' id='word_1_355' title='bbox 163 3734 201 3803; x_wconf 86' lang='lat' dir='ltr'>si</span> <span class='ocrx_word' id='word_1_356' title='bbox 221 3729 441 3803; x_wconf 77' lang='lat' dir='ltr'>Christianus</span> <span class='ocrx_word' id='word_1_357' title='bbox 463 3732 502 3799; x_wconf 91' lang='lat' dir='ltr'>in</span> <span class='ocrx_word' id='word_1_358' title='bbox 519 3729 655 3803; x_wconf 83' lang='lat' dir='ltr'>Turcia</span> <span class='ocrx_word' id='word_1_359' title='bbox 676 3729 840 3823; x_wconf 78' lang='lat' dir='ltr'>captivus</span> <span class='ocrx_word' id='word_1_360' title='bbox 879 3726 1164 3801; x_wconf 85' lang='lat' dir='ltr'>liter-hominem</span> <span class='ocrx_word' id='word_1_361' title='bbox 1182 3728 1329 3800; x_wconf 86' lang='lat' dir='ltr'>interire</span> <span class='ocrx_word' id='word_1_362' title='bbox 1347 3729 1527 3822; x_wconf 89' lang='lat' dir='ltr'>opinatur.</span> <span class='ocrx_word' id='word_1_363' title='bbox 1554 3734 1671 3823; x_wconf 78' lang='lat' dir='ltr'>Mors,</span> <span class='ocrx_word' id='word_1_364' title='bbox 1720 3804 1723 3812; x_wconf 82' lang='grc'>,</span> 
     </span>
     <span class='ocr_line' id='line_1_37' title="bbox 52 3823 1670 3921; baseline -0.004 -14"><span class='ocrx_word' id='word_1_365' title='bbox 52 3834 280 3914; x_wconf 83' lang='lat' dir='ltr'>detineantr,</span> <span class='ocrx_word' id='word_1_366' title='bbox 304 3849 347 3899; x_wconf 89' lang='lat' dir='ltr'>ac</span> <span class='ocrx_word' id='word_1_367' title='bbox 368 3827 496 3899; x_wconf 89' lang='lat' dir='ltr'>misera</span> <span class='ocrx_word' id='word_1_368' title='bbox 514 3827 679 3899; x_wconf 87' lang='lat' dir='ltr'>servitute</span> <span class='ocrx_word' id='word_1_369' title='bbox 698 3846 839 3920; x_wconf 84' lang='lat' dir='ltr'>prema·</span> <span class='ocrx_word' id='word_1_370' title='bbox 879 3823 1022 3918; x_wconf 86' lang='lat' dir='ltr'>inquii,</span> <span class='ocrx_word' id='word_1_371' title='bbox 1047 3829 1209 3897; x_wconf 68' lang='lat' dir='ltr'>&#39;amrium</span> <span class='ocrx_word' id='word_1_372' title='bbox 1229 3823 1276 3899; x_wconf 67' lang='lat' dir='ltr'>&amp;l</span> <span class='ocrx_word' id='word_1_373' title='bbox 1293 3823 1471 3918; x_wconf 72' lang='lat' dir='ltr'>faletiorst</span> <span class='ocrx_word' id='word_1_374' title='bbox 1495 3825 1670 3921; x_wconf 56' lang='lat' dir='ltr'>(istriis,</span> 
     </span>
     <span class='ocr_line' id='line_1_38' title="bbox 48 3920 1668 4027; baseline -0.009 -24"><span class='ocrx_word' id='word_1_375' title='bbox 48 3950 134 4016; x_wconf 86' lang='lat' dir='ltr'>tur,</span> <span class='ocrx_word' id='word_1_376' title='bbox 158 3930 271 4020; x_wconf 82' lang='lat' dir='ltr'>inque</span> <span class='ocrx_word' id='word_1_377' title='bbox 297 3947 337 3996; x_wconf 87' lang='lat' dir='ltr'>ea</span> <span class='ocrx_word' id='word_1_378' title='bbox 358 3926 502 3996; x_wconf 88' lang='lat' dir='ltr'>tandem</span> <span class='ocrx_word' id='word_1_379' title='bbox 518 3925 715 4008; x_wconf 87' lang='lat' dir='ltr'>moriatur,</span> <span class='ocrx_word' id='word_1_380' title='bbox 747 3924 779 3993; x_wconf 85' lang='lat' dir='ltr'>it</span> <span class='ocrx_word' id='word_1_381' title='bbox 795 3923 838 3993; x_wconf 90' lang='lat' dir='ltr'>li·</span> <span class='ocrx_word' id='word_1_382' title='bbox 878 3923 1079 4015; x_wconf 80' lang='lat' dir='ltr'>ultraquam</span> <span class='ocrx_word' id='word_1_383' title='bbox 1100 3925 1185 3992; x_wconf 81' lang='lat' dir='ltr'>mala</span> <span class='ocrx_word' id='word_1_384' title='bbox 1201 3920 1311 4015; x_wconf 76' lang='lat' dir='ltr'>uestra</span> <span class='ocrx_word' id='word_1_385' title='bbox 1325 3945 1391 3991; x_wconf 79' lang='lat' dir='ltr'>nott</span> <span class='ocrx_word' id='word_1_386' title='bbox 1415 3936 1545 3995; x_wconf 81' lang='lat' dir='ltr'>exeunt.</span> <span class='ocrx_word' id='word_1_387' title='bbox 1596 3926 1668 4027; x_wconf 27' lang='lat' dir='ltr'>lubi.</span> 
     </span>
     <span class='ocr_line' id='line_1_39' title="bbox 47 4014 1688 4120; baseline -0.005 -18"><span class='ocrx_word' id='word_1_388' title='bbox 47 4029 247 4102; x_wconf 83' lang='lat' dir='ltr'>brrttura</span> <span class='ocrx_word' id='word_1_389' title='bbox 278 4019 445 4094; x_wconf 84' lang='lat' dir='ltr'>servitute</span> <span class='ocrx_word' id='word_1_390' title='bbox 468 4022 741 4116; x_wconf 77' lang='lat' dir='ltr'>corruptionis,</span> <span class='ocrx_word' id='word_1_391' title='bbox 780 4018 838 4091; x_wconf 91' lang='lat' dir='ltr'>sed</span> <span class='ocrx_word' id='word_1_392' title='bbox 879 4019 982 4090; x_wconf 83' lang='lat' dir='ltr'>dent:</span> <span class='ocrx_word' id='word_1_393' title='bbox 1008 4019 1086 4090; x_wconf 86' lang='lat' dir='ltr'>Non</span> <span class='ocrx_word' id='word_1_394' title='bbox 1101 4018 1199 4111; x_wconf 67' lang='lat' dir='ltr'>potest</span> <span class='ocrx_word' id='word_1_395' title='bbox 1221 4014 1406 4115; x_wconf 58' lang='lat' dir='ltr'>alieniso,</span> <span class='ocrx_word' id='word_1_396' title='bbox 1434 4020 1688 4120; x_wconf 76' lang='lat' dir='ltr'>qriuullusrjl.</span> 
     </span>
     <span class='ocr_line' id='line_1_40' title="bbox 46 4114 1884 4219; baseline -0.001 -20"><span class='ocrx_word' id='word_1_397' title='bbox 46 4148 126 4199; x_wconf 89' lang='lat' dir='ltr'>non</span> <span class='ocrx_word' id='word_1_398' title='bbox 141 4123 187 4197; x_wconf 86' lang='lat' dir='ltr'>ab</span> <span class='ocrx_word' id='word_1_399' title='bbox 204 4118 279 4214; x_wconf 89' lang='lat' dir='ltr'>ipsa</span> <span class='ocrx_word' id='word_1_400' title='bbox 300 4119 556 4214; x_wconf 84' lang='lat' dir='ltr'>corruptione,</span> <span class='ocrx_word' id='word_1_401' title='bbox 591 4119 678 4212; x_wconf 87' lang='lat' dir='ltr'>quia</span> <span class='ocrx_word' id='word_1_402' title='bbox 704 4137 836 4209; x_wconf 77' lang='lat' dir='ltr'>corpus</span> <span class='ocrx_word' id='word_1_403' title='bbox 879 4114 984 4202; x_wconf 83' lang='lat' dir='ltr'>Quod</span> <span class='ocrx_word' id='word_1_404' title='bbox 999 4116 1062 4189; x_wconf 86' lang='lat' dir='ltr'>ille</span> <span class='ocrx_word' id='word_1_405' title='bbox 1079 4114 1181 4188; x_wconf 88' lang='lat' dir='ltr'>sensu</span> <span class='ocrx_word' id='word_1_406' title='bbox 1194 4116 1381 4210; x_wconf 79' lang='lat' dir='ltr'>Epicuraeo</span> <span class='ocrx_word' id='word_1_407' title='bbox 1401 4115 1444 4187; x_wconf 83' lang='lat' dir='ltr'>dc</span> <span class='ocrx_word' id='word_1_408' title='bbox 1465 4116 1668 4196; x_wconf 80' lang='lat' dir='ltr'>bantinetri</span> <span class='ocrx_word' id='word_1_409' title='bbox 1767 4126 1769 4131; x_wconf 81' lang='grc'><strong><em>’</em></strong></span> <span class='ocrx_word' id='word_1_410' title='bbox 1879 4208 1884 4219; x_wconf 87' lang='lat'>.</span> 
     </span>
     <span class='ocr_line' id='line_1_41' title="bbox 20 4210 1675 4313; baseline -0.002 -14"><span class='ocrx_word' id='word_1_411' title='bbox 20 4225 132 4299; x_wconf 76' lang='lat' dir='ltr'>¹eiua</span> <span class='ocrx_word' id='word_1_412' title='bbox 151 4221 188 4292; x_wconf 91' lang='lat' dir='ltr'>in</span> <span class='ocrx_word' id='word_1_413' title='bbox 203 4218 394 4312; x_wconf 82' lang='lat' dir='ltr'>pulverent</span> <span class='ocrx_word' id='word_1_414' title='bbox 410 4219 643 4289; x_wconf 88' lang='lat' dir='ltr'>convertitur.</span> <span class='ocrx_word' id='word_1_415' title='bbox 693 4215 836 4286; x_wconf 87' lang='lat' dir='ltr'>Sierea·</span> <span class='ocrx_word' id='word_1_416' title='bbox 876 4213 1185 4286; x_wconf 88' lang='lat' dir='ltr'>immortalitatem</span> <span class='ocrx_word' id='word_1_417' title='bbox 1211 4211 1354 4285; x_wconf 83' lang='lat' dir='ltr'>conditu</span> <span class='ocrx_word' id='word_1_418' title='bbox 1385 4210 1473 4284; x_wconf 81' lang='lat' dir='ltr'>falso</span> <span class='ocrx_word' id='word_1_419' title='bbox 1497 4216 1675 4313; x_wconf 49' lang='lat' dir='ltr'>adfirmas</span> 
     </span>
     <span class='ocr_line' id='line_1_42' title="bbox 46 4303 1664 4413; baseline -0.007 -18"><span class='ocrx_word' id='word_1_420' title='bbox 46 4342 143 4395; x_wconf 86' lang='lat' dir='ltr'>turae</span> <span class='ocrx_word' id='word_1_421' title='bbox 157 4317 357 4395; x_wconf 82' lang='lat' dir='ltr'>liberantur</span> <span class='ocrx_word' id='word_1_422' title='bbox 377 4319 571 4406; x_wconf 80' lang='lat' dir='ltr'>alerut&#39;tute</span> <span class='ocrx_word' id='word_1_423' title='bbox 590 4314 839 4406; x_wconf 75' lang='lat' dir='ltr'>corruptionis,</span> <span class='ocrx_word' id='word_1_424' title='bbox 877 4303 954 4397; x_wconf 80' lang='lat' dir='ltr'>vit,</span> <span class='ocrx_word' id='word_1_425' title='bbox 980 4312 1071 4381; x_wconf 88' lang='lat' dir='ltr'>illud</span> <span class='ocrx_word' id='word_1_426' title='bbox 1092 4312 1138 4383; x_wconf 84' lang='lat' dir='ltr'>ad</span> <span class='ocrx_word' id='word_1_427' title='bbox 1164 4329 1347 4382; x_wconf 73' lang='lat' dir='ltr'>creaturan</span> <span class='ocrx_word' id='word_1_428' title='bbox 1370 4330 1664 4413; x_wconf 76' lang='lat' dir='ltr'>corporeaspro.</span> 
     </span>
     <span class='ocr_line' id='line_1_43' title="bbox 36 4407 1667 4504; baseline -0.002 -14"><span class='ocrx_word' id='word_1_429' title='bbox 36 4420 118 4490; x_wconf 80' lang='lat' dir='ltr'>³noe</span> <span class='ocrx_word' id='word_1_430' title='bbox 148 4413 225 4498; x_wconf 78' lang='lat' dir='ltr'>eli,</span> <span class='ocrx_word' id='word_1_431' title='bbox 263 4409 478 4496; x_wconf 70' lang='lat' dir='ltr'>oteramo,</span> <span class='ocrx_word' id='word_1_432' title='bbox 500 4413 609 4504; x_wconf 80' lang='lat' dir='ltr'>‘quod</span> <span class='ocrx_word' id='word_1_433' title='bbox 628 4408 838 4483; x_wconf 76' lang='lat' dir='ltr'>hominibus</span> <span class='ocrx_word' id='word_1_434' title='bbox 876 4426 966 4500; x_wconf 89' lang='lat' dir='ltr'>pter·</span> <span class='ocrx_word' id='word_1_435' title='bbox 988 4409 1099 4480; x_wconf 83' lang='lat' dir='ltr'>huius</span> <span class='ocrx_word' id='word_1_436' title='bbox 1136 4410 1220 4479; x_wconf 84' lang='lat' dir='ltr'>vitae</span> <span class='ocrx_word' id='word_1_437' title='bbox 1254 4407 1360 4480; x_wconf 90' lang='lat' dir='ltr'>ulum</span> <span class='ocrx_word' id='word_1_438' title='bbox 1389 4407 1552 4486; x_wconf 79' lang='lat' dir='ltr'>conditas</span> <span class='ocrx_word' id='word_1_439' title='bbox 1582 4414 1667 4487; x_wconf 85' lang='lat' dir='ltr'>sano</span> 
     </span>
     <span class='ocr_line' id='line_1_44' title="bbox 44 4500 1667 4609; baseline 0 -24"><span class='ocrx_word' id='word_1_440' title='bbox 44 4515 177 4609; x_wconf 76' lang='lat' dir='ltr'>impiis</span> <span class='ocrx_word' id='word_1_441' title='bbox 196 4512 237 4601; x_wconf 80' lang='lat' dir='ltr'>in</span> <span class='ocrx_word' id='word_1_442' title='bbox 261 4510 328 4580; x_wconf 87' lang='lat' dir='ltr'>bac</span> <span class='ocrx_word' id='word_1_443' title='bbox 353 4512 429 4581; x_wconf 88' lang='lat' dir='ltr'>vita</span> <span class='ocrx_word' id='word_1_444' title='bbox 460 4511 604 4583; x_wconf 83' lang='lat' dir='ltr'>mortali</span> <span class='ocrx_word' id='word_1_445' title='bbox 627 4507 838 4601; x_wconf 84' lang='lat' dir='ltr'>impendere</span> <span class='ocrx_word' id='word_1_446' title='bbox 878 4503 977 4576; x_wconf 88' lang='lat' dir='ltr'>sensu</span> <span class='ocrx_word' id='word_1_447' title='bbox 1014 4505 1195 4598; x_wconf 80' lang='lat' dir='ltr'>adplicata</span> <span class='ocrx_word' id='word_1_448' title='bbox 1231 4500 1429 4601; x_wconf 77' lang='lat' dir='ltr'>poliuntur.</span> <span class='ocrx_word' id='word_1_449' title='bbox 1495 4508 1667 4585; x_wconf 82' lang='lat' dir='ltr'>interime</span> 
     </span>
     <span class='ocr_line' id='line_1_45' title="bbox 43 4601 1684 4793; baseline -0.006 -110"><span class='ocrx_word' id='word_1_450' title='bbox 43 4608 424 4782; x_wconf 46' lang='lat' dir='ltr'>eogtpntueipntertm</span> <span class='ocrx_word' id='word_1_451' title='bbox 438 4627 558 4678; x_wconf 90' lang='lat' dir='ltr'>tamen</span> <span class='ocrx_word' id='word_1_452' title='bbox 566 4604 653 4775; x_wconf 53' lang='lat' dir='ltr'>tipsae</span> <span class='ocrx_word' id='word_1_453' title='bbox 670 4601 839 4793; x_wconf 58' lang='lat' dir='ltr'>non)ltprtit</span> <span class='ocrx_word' id='word_1_454' title='bbox 877 4601 1352 4779; x_wconf 49' lang='grc' dir='ltr'>ἕὲἱῗὲιέἷξοίέηἰὲἰῶῑέιῶ,</span> <span class='ocrx_word' id='word_1_455' title='bbox 1362 4602 1684 4775; x_wconf 46' lang='lat' dir='ltr'>‘pristitpnbacvgtp</span> 
     </span>
     <span class='ocr_line' id='line_1_46' title="bbox 38 4724 1688 4799; baseline -0.008 -12"><span class='ocrx_word' id='word_1_456' title='bbox 38 4734 112 4787; x_wconf 82' lang='lat' dir='ltr'>nec</span> <span class='ocrx_word' id='word_1_457' title='bbox 155 4726 223 4782; x_wconf 86' lang='lat' dir='ltr'>unt</span> <span class='ocrx_word' id='word_1_458' title='bbox 255 4728 265 4776; x_wconf 90' lang='lat' dir='ltr'>t</span> <span class='ocrx_word' id='word_1_459' title='bbox 293 4724 673 4799; x_wconf 80' lang='lat' dir='ltr'>eraeacorruptne.</span> <span class='ocrx_word' id='word_1_460' title='bbox 719 4724 745 4795; x_wconf 76' lang='lat'>3</span> <span class='ocrx_word' id='word_1_461' title='bbox 825 4739 838 4756; x_wconf 94' lang='lat'><strong>·</strong></span> <span class='ocrx_word' id='word_1_462' title='bbox 1117 4748 1133 4790; x_wconf 84' lang='lat'><strong>,</strong></span> <span class='ocrx_word' id='word_1_463' title='bbox 1529 4724 1585 4791; x_wconf 81' lang='lat' dir='ltr'>tt,</span> <span class='ocrx_word' id='word_1_464' title='bbox 1651 4748 1688 4773; x_wconf 93' lang='lat'>-.</span> 
     </span>
     <span class='ocr_line' id='line_1_47' title="bbox 578 4818 1670 4875; baseline 0.006 -7"><span class='ocrx_word' id='word_1_465' title='bbox 578 4862 582 4868; x_wconf 93' lang='lat'>.</span> <span class='ocrx_word' id='word_1_466' title='bbox 1611 4818 1670 4875; x_wconf 61' lang='lat' dir='ltr'>iifl</span> 
     </span>
    </p>
   </div>
   <div class='ocr_carea' id='block_1_3' title="bbox 0 0 2038 5468">
    <p class='ocr_par' dir='ltr' id='par_1_3' title="bbox 0 0 2038 5468">
     <span class='ocr_line' id='line_1_48' title="bbox 0 0 2038 5468; baseline 0 10"><span class='ocrx_word' id='word_1_467' title='bbox 0 0 2038 5468; x_wconf 95' lang='lat' dir='ltr'> </span> 
     </span>
    </p>
   </div>
  </div>
 </body>
</html>
