4066 5468
93 268 105 285 “
170 386 176 397 ⁸
229 303 306 390 „2
774 278 837 359 nn
884 274 1064 356 tvutcto
1113 252 1395 399 exorante.-

175 486 179 491 ’
208 454 471 559 1ἰῑοιίειιιοτὴ
495 487 562 543 ner
578 464 660 540 odio
684 460 836 538 declinat
865 457 1023 533 asemita
1069 524 1073 531 .
1166 456 1277 529 Tertio
1295 454 1475 531 considera
1484 453 1693 531 incendium
1710 455 1800 531 illud
1816 480 1859 537 ε·

150 616 154 629 ,
229 572 485 653 ualitudinis,
513 566 570 640 sed
586 566 645 636 via
677 562 779 657 regia
804 558 943 652 semper
968 558 1021 629 in·
1065 552 1272 655 niverial'e,
1301 555 1397 645 quod
1414 555 1587 629 iudicium
1607 559 1801 649 praecedet,
1821 566 1858 635 dt

228 673 372 743 redens.
421 665 576 737 Nullum
608 655 933 750 malumtpraeterit
952 654 1021 727 im·
1067 649 1293 753 horrendum
1308 648 1576 724 illum'sonitutn
1594 651 1711 736 tubae,
1739 672 1853 746 quem

110 767 113 771 '
227 764 433 864 punitum,
461 757 756 833 nullumbonutn
779 761 1021 829 irremunera·
1061 749 1143 847 edet
1167 748 1432 843 archangelus,
1468 751 1513 822 ad
1543 748 1791 822 convocandas
1815 772 1856 821 o·

229 881 309 937 tum
336 857 519 951 relinquit.
554 856 664 928 Hune
683 876 771 950 ergo
786 867 892 922 nemo
908 845 1020 940 potest
1061 864 1164 917 mnes
1181 844 1309 917 mundi
1332 847 1606 941 generationes,
1633 864 1672 917 ut
1688 846 1853 922 inunum

227 977 483 1052 eorrumpere,
499 955 599 1026 iuxta
619 954 716 1046 quod
737 948 823 1022 dicit
835 947 1017 1025 Psalmus;
1060 941 1181 1013 loeunt
1215 944 1483 1015 conveniant&
1518 941 1684 1015 horribili
1712 945 1849 1015 iudicio

228 1054 353 1129 Reddas
370 1050 683 1152 fingolisseeandom
703 1044 810 1141 'opero
823 1067 944 1121 eoram·
1059 1036 1246 1132 praesentes
1260 1038 1380 1133 adfint.
1430 1041 1498 1111 Sed
1514 1039 1617 1133 super
1641 1040 1762 1110 omnia
1785 1062 1848 1112 ert·
1870 1134 1873 1138 .

418 1178 421 1183 ·
528 1168 535 1189 ·
605 1152 612 1168 “
985 1211 987 1215 Α
1058 1136 1176 1231 pende
1198 1136 1422 1207 tremendam
1439 1136 1559 1225 illam,
1585 1139 1623 1209 in
1643 1154 1713 1233 qua
1731 1137 1848 1211 iudex

357 1228 551 1325 Meditooio
577 1227 736 1312 extremi
760 1222 890 1309 irldscsi.
1058 1234 1201 1318 ¹veniet,
1228 1229 1455 1331 maiestatem.
1568 1286 1572 1295 .
1828 1308 1841 1323 Ι,

149 1410 152 1415 .
298 1341 457 1413 onstdera
479 1341 659 1434 primum,
695 1355 805 1428 quant
835 1330 958 1415 futura
977 1332 1016 1406 fit
1158 1324 1290 1427 Quaeso
1314 1329 1517 1416 considera,
1532 1332 1643 1423 quain
1658 1324 1846 1429 slrisiafsr·

224 1342 297 1517 C
325 1439 400 1517 dios
424 1438 486 1511 illa
524 1433 722 1521 terribilis,
748 1433 801 1503 -in
828 1451 900 1524 qua
931 1450 1013 1526 ape·
1055 1444 1136 1497 tura
1159 1429 1198 1500 stt
1215 1424 1332 1513 ratio,
1361 1427 1635 1523 quaeafipgulis
1658 1430 1866 1525 exigerun-

220 1538 362 1610 rie'ntur
379 1533 488 1608 oa'usae
513 1553 638 1604 omnes
669 1528 829 1600 filiorum
858 1528 1008 1614 Adam,
1055 1522 1144 1594 Vere
1146 1524 1239 1617 scio,
1265 1524 1408 1617 (inquit
1426 1524 1500 1595 lob.
1515 1531 1588 1616 9.)
1611 1534 1695 1622 qaod
1710 1530 1759 1599 iro
1766 1530 1869 1623 fir„

221 1619 520 1725 nollraeque'vitae
544 1626 662 1701 eundli
679 1620 1010 1718 processusconclu·
1051 1614 1210 1716 &qood
1233 1645 1297 1689 non
1324 1620 1509 1714 lotslp'fieetar
1536 1622 1628 1694 loono
1654 1628 1843 1721 eonpofirer

221 1718 363 1812 demur,
380 1724 774 1799 etultimasententiade
788 1740 1010 1812 unoquoque
1051 1712 1133 1788 Deo.
1150 1721 1186 1788 st·
1196 1720 1331 1789 voluerit
1344 1725 1601 1791 contendentem
1618 1724 1736 1805 remon
1747 1737 1841 1815 pore.

220 1816 1008 1899 decerneturirrevoeabilisinaeternumDies
1048 1814 1095 1884 'rit
1106 1818 1134 1884 ei
1147 1816 1438 1910 respondereonon
1444 1820 1604 1912 promisse.
1622 1822 1714 1907 Quid
1724 1821 1841 1913 igitur

35 1910 39 1917 ¹
93 1954 98 1961 ·
154 1978 159 1987 .
220 1922 405 1994 horribilis
418 1909 545 2005 ¹valde,
577 1930 657 2013 qu'ae
681 1919 845 2006 omnium
874 1912 1006 1985 seculo·
1049 1910 1172 1986 sentiet
1187 1935 1285 1998 tune,
1301 1935 1386 1987 eum
1401 1916 1737 1990 Deusexamenhoe
1750 1940 1837 1997 cum

218 2041 303 2093 rutn
324 2018 609 2110 preteritorum,
636 2010 861 2105 praesentium
886 2031 926 2081 ac
948 2010 1004 2083 su·
1046 2004 1353 2107 illoingre'dietur,
1372 2021 1404 2084 δι
1419 2013 1511 2086 intra
1543 2012 1762 2086 conscientia
1778 2026 1840 2086 ara·

217 2133 384 2189 turonum
404 2172 407 2177 .
426 2114 501 2184 dies
534 2108 818 2204 complessetur,
867 2109 904 2178 in
933 2129 1006 2200 qua
1048 2127 1177 2181 canum
1204 2111 1356 2180 diceteir
1372 2110 1835 2208 Adestumhomonequam

215 2211 376 2286 mundus
395 2210 541 2282 istorum
560 2208 724 2278 omnium
737 2225 942 2297 temporum
952 2225 1005 2277 ra·
1043 2206 1135 2296 >quid
1151 2207 1187 2277 in
1201 2205 1406 2292 me-vidisti,
1422 2211 1519 2300 quod
1534 2211 1581 2279 ita
1595 2230 1654 2280 nte
1668 2209 1836 2303 despexe·

218 2311 355 2381 tionem
365 2309 501 2390 reddet,
513 2326 623 2399 quam
635 2304 792 2373 arntiam
802 2301 925 2372 seculis
935 2303 1004 2372 eol·
1046 2303 1115 2391 ris,
1143 2310 1175 2374 δι
1192 2305 1236 2375 ad
1253 2296 1391 2375 inimici
1408 2305 1481 2374 mei
1497 2324 1613 2397 partes
1630 2305 1833 2381 transterls?

215 2396 470 2477 lesla'mhabet,
504 2406 642 2488 Quanto
658 2398 1004 2492 igiturimpetupro·
1044 2396 1120 2491 Ego
1147 2401 1254 2479 read
1282 2403 1479 2498 imaginem
1503 2396 1833 2477 st'finilitudinorn
1870 2482 1872 2487 ,

76 2510 84 2527 '
151 2509 153 2513 '
214 2521 358 2593 rumpet
376 2499 623 2593 'copiosissimus
656 2498 716 2565 ille
741 2494 873 2567 fluvius
904 2495 995 2566 indi·
1035 2512 1153 2566 meam
1168 2499 1310 2571 creavi:
1338 2519 1407 2592 ego
1428 2496 1491 2570 tibi
1513 2497 1597 2571 fidei
1609 2500 1730 2573 lumen
1749 2501 1833 2575 sum

213 2598 397 2693 gnationis
414 2596 576 2679 divina,
601 2594 665 2687 qui
689 2611 739 2664 tot
761 2593 822 2663 irae
849 2592 993 2663 &indi
1033 2589 1204 2686 largitus:
1228 2592 1381 2692 egotibi
1398 2615 1478 2666 earn
1499 2598 1652 2692 gratiam
1667 2599 1830 2687 contuli,

117 2698 121 2705 '
245 2694 401 2765 nationis
448 2691 677 2785 repressiones
718 2687 870 2774 habuit,
907 2708 995 2781 quot
1032 2707 1072 2757 ut
1094 2689 1310 2766 Christianus
1336 2682 1453 2778 esses,
1486 2716 1641 2789 meoque
1669 2695 1840 2790 pretioso'

210 2715 291 2863 sent
309 2808 471 2882 peccata,
499 2809 578 2884 quaa
597 2780 641 2861 ab
653 2786 754 2859 initio
769 2787 896 2862 mundi
911 2809 992 2882 per·
1041 2784 1211 2880 sanguine
1226 2809 1258 2859 te
1271 2792 1429 2861 redemi:
1447 2793 1739 2885 proteieiunaoi,
1757 2795 1831 2864 iter

186 2905 345 2981 patrata
372 2883 459 2956 sunt.
760 2936 765 2941 -
1039 2880 1108 2969 seri
1129 2931 1141 2968 ,
1165 2885 1317 2980 vigilavi
1339 2934 1350 2975 ,
1375 2886 1537 2960 laboravi
1558 2897 1591 2961 δι
1612 2889 1828 2984 sanguineas

306 2986 449 3053 Secundo
468 2981 645 3054 considera
666 2978 872 3053 hotrribilia
884 2979 996 3076 figna,
1037 3000 1156 3073 guttas
1173 2982 1321 3071 sudavi,
1345 3004 1413 3079 pro
1427 3004 1458 3057 te
1473 2986 1747 3079 persecutiones,
1763 2986 1835 3058 ila-1

210 3100 291 3174 quae
312 3082 408 3149 hune
424 3082 518 3151 diem
533 3076 781 3171 preceduntin
803 3077 872 3150 sole
895 3088 926 3149 δι
942 3081 994 3150 Ῑυ-
1036 3081 1102 3167 gra
1115 3125 1129 3160 ,
1163 3078 1405 3173 blaspemias,
1435 3082 1614 3157 irrifiones
1636 3133 1648 3169 ,
1672 3084 1826 3179 alapas,

147 3210 152 3219 ·
207 3199 255 3249 na
281 3184 314 3248 do
335 3172 463 3262 stellis,
482 3183 514 3244 dt
535 3176 702 3248 omnibus
720 3176 889 3247 creaturis
912 3176 999 3257 coeli,
1033 3172 1273 3265 ignominias,
1299 3190 1525 3261 tormenta&
1548 3194 1691 3253 crucem
1705 3181 1823 3277 ipsam

205 3281 239 3347 &
266 3295 382 3345 terrae..
442 3273 577 3344 Omnes
613 3274 709 3343 enim
745 3270 855 3344 finem
886 3272 990 3346 suum
1031 3268 1252 3361 passussum.
1305 3266 1821 3354 Teneisuntnaetcmxani

144 3436 148 3443 .
206 3370 452 3464 presentiens,
478 3367 986 3459 anrtqttamconsummantur.
1030 3369 1147 3453 clavi,
1176 3366 1546 3465 quihie'cotnparent.
1593 3372 1716 3447 Testes
1742 3381 1821 3449 hae

201 3465 245 3539 llt
270 3467 431 3538 homines
449 3465 509 3557 ipsi
532 3468 723 3550 arescent,
758 3472 791 3535 &
824 3462 985 3536 contabe·
1025 3468 1385 3563 manuumstpedom
1402 3470 1575 3568 stigmata,
1590 3493 1668 3565 qua
1681 3474 1718 3544 in
1734 3484 1820 3546 meo

43 3594 46 3603 ·
182 3560 788 3653 ⁴scentaudient‘estloinspesiantes
818 3572 987 3654 tampo'r·
1027 3584 1175 3657 corpore
1191 3564 1446 3640 remanserunt.
1496 3570 1761 3643 'sellescoelum
1782 3579 1818 3644 dt

197 3658 350 3733 rentosos
378 3679 495 3741 motus
508 3679 650 3749 tamque
667 3658 830 3751 ingentes
842 3656 983 3730 calami·
1024 3681 1140 3745 terra,
1167 3663 1204 3733 in
1223 3663 1816 3760 quorumeonspediupassussum.

197 3776 285 3827 tates
302 3764 333 3824 at
349 3756 534 3835 miserias,
567 3775 645 3845 qoae
668 3756 731 3825 toti
763 3755 896 3826 mundo
917 3756 984 3829 im·
1025 3758 1118 3843 Quid
1136 3757 1250 3853 igitur
1267 3759 1376 3833 fecisti
1398 3784 1480 3833 eum
1495 3766 1560 3836 hae
1574 3766 1694 3839 anima
1723 3789 1813 3853 tua,

9 3870 15 3875 ·
155 3918 158 3923 ,
195 3853 394 3924 minabunt.
443 3852 561 3943 Atque
576 3850 624 3920 ita
643 3851 807 3922 incedent
842 3852 982 3939 attoniti
1022 3873 1132 3945 quam
1147 3878 1344 3953 egomeam
1357 3881 1438 3931 meo
1450 3859 1620 3957 sanguine
1632 3855 1813 3939 feceram?
1849 3866 1853 3870 ’

192 3946 493 4053 gonstupefasli,
521 3944 678 4020 faciebus
700 3946 901 4040 pallidis'ae
918 3949 974 4020 de·
1019 3950 1058 4019 ln
1082 3952 1193 4025 cuius·
1212 3955 1422 4050 obsequium
1440 3956 1683 4047 eonsumstsli,
1711 3964 1812 4053 quod

167 4047 354 4119 sermatis
368 4067 449 4116 ante
468 4063 624 4116 mortem
645 4046 808 4131 mortui,
834 4053 870 4118 δι
894 4067 982 4141 ante
1016 4068 1174 4141 egotam
1194 4074 1273 4124 care
1292 4053 1529 4146 comparavi?
1569 4056 1809 4155 Ogeneraoio
1845 4114 1848 4119 -

192 4144 367 4215 iudicium
386 4141 635 4226 condemnati,
666 4145 850 4212 metientes
879 4143 972 4233 peri·
1016 4140 1359 4235 stusaaadoltera,
1387 4172 1497 4245 quare
1517 4153 1670 4226 maluisti
1688 4158 1811 4229 inimi-

189 4238 267 4312 sula
283 4237 342 4310 sua
349 4238 508 4330 propriis
527 4238 731 4329 timoribus.
757 4257 761 4264 ·
780 4236 900 4332 Usque
913 4240 972 4310 ad·
1016 4261 1057 4310 eo
1073 4261 1133 4315 tuo
1151 4267 1234 4317 cunr
1254 4246 1402 4332 labore,
1427 4247 1536 4341 quam
1555 4253 1645 4323 mihi
1670 4242 1818 4326 creato-⁹

55 4318 59 4341 ³
191 4342 335 4431 anvero
360 4337 608 4429 unusquisque
637 4334 970 4428 suopropriotimo·
1014 4339 1100 4411 ri&
1120 4343 1313 4414 redemtori
1331 4363 1392 4416 tuo
1411 4365 1494 4417 eum
1518 4347 1806 4425 laetitiainservi·

189 4458 228 4506 ra
250 4450 448 4525 occupatus
465 4433 558 4517 erit,
586 4452 710 4503 utnon
745 4430 783 4502 fit
806 4434 970 4507 recorda·
1012 4432 1081 4504 re?
1104 4436 1252 4522 Quoties
1265 4442 1391 4513 vocavi
1409 4463 1496 4529 vos,
1512 4450 1625 4516 &non
1637 4442 1728 4518 mihi
1745 4469 1805 4521 re·

38 4535 41 4541 '
76 4603 79 4607 ,
188 4552 291 4603 turus
325 4528 464 4623 alieni,
495 4528 631 4601 tametsi
664 4530 775 4618 patris
811 4549 871 4601 aut
892 4527 988 4619 filil,
1010 4527 1219 4624 spondilia?
1245 4535 1381 4623 Pulsavi
1398 4539 1746 4631 adianuasteslraa,
1765 4554 1821 4619 at·

58 4656 61 4661 ·
128 4700 132 4709 ,
189 4626 319 4699 Nullus
339 4627 471 4721 quippe
493 4628 561 4697 erit
594 4618 754 4714 passurus
777 4647 844 4724 pru
868 4626 938 4719 plia
955 4634 977 4724 ,'
1009 4628 1170 4708 noluistis
1186 4630 1362 4723 extimi?
1388 4636 1533 4714 extendi
1551 4658 1682 4717 manus
1702 4660 1810 4716 mear

186 4724 271 4847 quia
291 4722 410 4814 nullos
423 4743 493 4826 pro
512 4720 547 4812 sq
569 4717 725 4811 sufficiet.
796 4774 799 4779 -
1553 4768 1558 4778 ·
1624 4750 1632 4765 ·
1763 4740 1807 4831 iq
