4066 5468
333 207 408 290 136
818 242 821 246 -
865 128 1022 272 'LOCVS'
1040 150 1168 271 xxlll
1216 192 1315 272 CAP.
1337 147 1404 270 vu

331 377 526 474 aliquando
551 379 590 450 in
614 372 688 473 ipso
703 372 923 462 vindicabit,
965 385 998 448 dc
1012 374 1082 471 ipse
1097 400 1131 469 e·
1171 376 1349 448 terminur
1370 369 1543 466 paschalis
1563 368 1695 466 pofitos
1715 360 1783 449 est,
1807 359 1975 479 interibit

331 499 462 550 ventus
484 479 553 547 hoc
576 477 757 565 somnium
771 472 935 547 salsitatis
955 474 1130 547 'convicit
1171 494 1266 548 totus
1285 472 1466 556 mundun,
1490 469 1634 561 sicergo
1653 466 1734 538 finis
1753 463 1973 537 mundirurr·

335 571 536 670 Cyprianus
551 574 736 647 Leovitius
756 580 791 645 dr
806 572 868 644 alii
890 575 1129 646 mathematici
1170 591 1204 643 ta
1226 573 1326 641 hunt
1339 567 1524 641 audiorem
1544 567 1676 636 incidet
1691 566 1730 635 in
1743 580 1880 634 annum
1896 560 1972 630 iam

334 693 483 769 propter
505 668 796 743 coniundlionem
825 672 989 742 omnium
1008 673 1128 765 plane·
1170 688 1375 740 currentem
1400 671 1503 743 1621.
1517 664 1673 752 Quidam
1687 671 1970 753 computantan·
2018 718 2023 725 .

334 789 452 842 totum
479 768 667 852 inarime,
692 769 808 863 qualis
819 767 908 838 olim
918 770 1012 840 circa
1029 767 1130 840 Citri-
1170 789 1234 837 nos
1253 788 1273 838 a
1290 763 1395 837 Mose
1412 761 1584 859 usquead
1607 760 1813 852 Christum,
1839 757 1905 848 qui
1932 758 1970 871 ip

333 866 375 940 sii
391 868 610 939 nativitatem
621 863 710 949 suit,
738 866 1078 960 rationesqoasdam
1092 868 1129 938 in
1170 863 1297 936 dicbus
1316 864 1432 936 carnis
1449 864 1656 949 suaetotum
1680 850 1973 969 cultomllslosat·

329 958 569 1059 prognosticis
594 963 665 1035 suis
683 965 769 1035 anni
786 972 894 1057 1583.
912 967 1126 1059 allegarunt,
1171 984 1256 1033 curn
1269 961 1480 1057 abrogavit,
1509 958 1687 1053 quisuerc
1706 951 1893 1046 1590.rllrs
1907 954 1968 1026 ad·
2004 974 2010 983 ·

334 1063 432 1135 diem
450 1061 600 1133 Domini
631 1060 794 1156 praesenti
825 1063 916 1136 aetari
937 1063 1128 1154 adpropin-
1170 1061 1261 1132 dunt
1276 1079 1389 1131 annos
1410 1080 1473 1156 40.
1496 1059 1628 1153 quibus
1658 1051 1821 1125 Israelita
1846 1052 1972 1146 vagati

192 1165 194 1170 ’
297 1180 459 1253 rquare.
506 1156 666 1230 Bodinus
689 1160 800 1232 lib..1.
839 1161 883 1231 de
913 1161 1127 1233 demonem.
1170 1156 1271 1250 fuere
1294 1158 1332 1227 in
1354 1158 1489 1229 deserto
1504 1176 1528 1242 ‚⁷
1549 1155 1647 1228 undo
1678 1148 1833 1244 emergit
1849 1169 1968 1221 annus

332 1276 410 1348 cap.
426 1276 457 1347 ς.
508 1254 611 1327 Circa
636 1255 744 1327 linem
766 1256 873 1329 seculi
899 1259 1065 1352 proxime
1094 1280 1127 1328 e·
1172 1265 1280 1348 1630.
1308 1251 1511 1348 quosrnem
1529 1252 1658 1325 mundi
1688 1244 1967 1341 exspediandutu

277 1348 280 1355 ’
332 1352 418 1447 lapsi
440 1353 578 1429 editum
592 1351 640 1424 est
654 1353 825 1448 scriptum
846 1357 993 1450 aliquod
1009 1354 1070 1426 sub
1089 1355 1126 1426 fi.
1169 1355 1317 1425 censent.
1371 1354 1682 1440 Quidam-annum
1706 1341 1835 1418 christi
1859 1342 1969 1426 1636.

334 1446 391 1522 do
414 1442 559 1523 nornine
588 1453 751 1522 Adelberli
778 1448 1025 1547 'Thermemeria
1062 1454 1126 1545 qui
1167 1453 1295 1524 mundi
1309 1449 1454 1523 fatalem
1480 1456 1514 1522 dc
1547 1447 1788 1543 exsequialem
1811 1441 1891 1513 sote
1912 1443 2003 1513 in·-

333 1545 497 1619 definivit
519 1566 680 1620 extremo
713 1547 785 1621 diei
812 1572 1069 1644 annum1599.
1087 1573 1123 1644 3.
1166 1549 1273 1627 certis
1305 1546 1521 1625 conieeluris
1547 1543 1699 1641 persuasi
1731 1541 1968 1619 arbitrantur..

330 1644 481 1738 Aprilis.
534 1645 690 1732 Quidam
711 1649 806 1718 hunc
831 1670 1025 1720 numerum
1052 1651 1123 1721 col·
1166 1647 1322 1733 Quidam
1353 1646 1529 1717 referente
1571 1642 1732 1738 Chytraeo
1751 1640 1790 1711 in
1827 1656 1979 1718 comm·

328 1738 570 1835 legeruntlrac
584 1747 744 1836 ratione,
766 1765 807 1817 ut
821 1746 1125 1837 quantitatemde·
1166 1743 1292 1816 Genes.
1323 1745 1386 1814 Vl.
1429 1740 1661 1838 hypotheseos
1712 1741 1793 1810 loco
1827 1737 1868 1809 in
1904 1734 1968 1808 sua

323 1839 561 1927 curationis,
587 1861 668 1934 quae
687 1842 791 1914 debet
822 1840 900 1914 fieri
917 1865 1067 1938 propter
1091 1868 1123 1916 e·
1166 1842 1431 1936 computatione
1468 1841 1659 1914 adsumunt
1682 1835 1820 1909 didium
1835 1831 1970 1906 christi

328 1932 477 2009 ledere
492 1934 554 2009 sex
568 1938 667 2011 mille
679 1941 785 2012 annis
806 1938 963 2013 facerent
983 1943 1125 2013 circiter
1165 1935 1300 2011 Matth.
1319 1938 1450 2010 xxiv·
1468 1961 1527 2035 37.
1554 1944 1637 2009 Luc.
1655 1934 1764 2007 XVll.
1793 1941 1853 2010 26·
1874 1932 1966 2003 uere

329 2046 563 2125 400.anoos‚
592 2053 632 2106 ut
647 2039 713 2107 hac
728 2039 866 2110 ratione
879 2040 993 2110 exiret
1006 2060 1121 2112 annus
1164 2039 1285 2106 trotio
1304 2041 1411 2107 dicim
1429 2040 1549 2121 Noae,
1573 2039 1622 2106 ild
1652 2032 1699 2107 ΕΤ
1716 2036 1966 2103 tristissimis!

225 2200 229 2207 .
331 2134 437 2204 1600.
463 2132 523 2202 vel
558 2134 665 2216 1612.
713 2134 855 2206 inventi
885 2135 1024 2221 fuere,
1058 2138 1122 2231 qui
1163 2135 1239 2207 dliii
1261 2137 1399 2207 dominis
1417 2146 1449 2209 dc
1476 2137 1598 2228 quiaa
1628 2129 1964 2209 mundicrcatione

326 2224 456 2299 coristi
473 2229 629 2322 reditum
652 2230 927 2325 exspediandum
938 2232 1122 2321 dixerunt,
1164 2232 1336 2325 usquead
1364 2235 1544 2315 diluvium
1572 2234 1840 2303 intervenerunt
1873 2224 1971 2299 anni·

330 2326 476 2419 quando
490 2347 663 2399 numerus
679 2350 856 2401 annorum
885 2338 1060 2427 congruet
1079 2337 1123 2402 cd
1167 2340 1271 2421 1⁶5⁶·
1290 2332 1373 2403 ideo
1394 2332 1545 2403 totidem
1565 2349 1679 2402 annos
1696 2328 1844 2421 aprima
1856 2323 1961 2397 cnei·
1984 2336 1987 2343 '

321 2424 467 2516 quinque
478 2426 615 2493 vulnero
639 2425 756 2511 (liridi
780 2426 816 2496 in
840 2432 946 2499 crue'o
966 2429 1120 2522 penden-
1160 2428 1203 2501 sti
1230 2432 1385 2503 adventu
1406 2429 1517 2522 usque
1547 2430 1593 2499 ad
1623 2424 1819 2498 secundum
1847 2421 1959 2519 ipsius

327 2518 397 2603 tir,
421 2539 517 2590 anno
532 2519 662 2594 scilicet
676 2523 801 2594 mundi
816 2529 998 2615 terame
1013 2528 1121 2596 ratio.
1158 2529 1356 2599 adventum
1376 2522 1624 2599 intercessuros
1649 2522 1878 2597 arbitrantur.
1902 2520 1963 2591 Ei·

327 2636 374 2703 ne
390 2615 757 2708 expedendusfuislet
781 2624 910 2695 mundi
923 2621 1003 2696 finis
1016 2625 1128 2694 ‘anno'
1162 2626 1243 2695 dem
1262 2626 1439 2718 principio
1459 2622 1578 2697 insilit
1597 2620 1770 2695 Nicolauo
1797 2616 1962 2695 Cusanuo

328 2708 455 2784 christi
476 2716 584 2812 1605.
599 2718 757 2804 Quidam
778 2739 827 2788 ex
844 2718 959 2791 verbo
980 2721 1119 2794 lvu1.
1160 2721 1199 2793 in
1223 2722 1344 2795 lib.de
1366 2719 1563 2805 coniedlur.
1584 2715 1714 2795 noviss.
1736 2719 1822 2790 diei.
1887 2714 1963 2791 Sed

325 2805 505 2897 CIVM,
531 2816 660 2908 inquo
676 2835 801 2887 omncs
818 2814 927 2887 litera
949 2813 1027 2891 sunt
1049 2841 1118 2890 nu·
1163 2820 1314 2913 quilibet
1337 2822 1437 2891 videt
1472 2817 1650 2899 Christum
1676 2816 1779 2910 loqui
1812 2836 1884 2887 non
1912 2816 1959 2887 de
1998 2858 2001 2863 ·

318 2910 472 2981 metalee
489 2955 506 2999 7
528 2912 753 3006 collegerunt
771 2933 864 2983 anno
882 2919 990 3001 1613.
1004 2937 1117 2991 extre·
1161 2938 1314 2990 numero
1330 2939 1537 3017 annorum,
1564 2915 1621 2988 sed
1637 2916 1678 3011 de
1705 2911 1962 2987 conformitate·

315 3006 619 3082 numiodicium
644 3006 913 3087 instituendum
1041 3042 1050 3065 ’
1159 3014 1241 3086 vitae
1257 3036 1472 3088 aemorum.
1497 3014 1606 3086 lobus
1621 3013 1820 3085 Fintzeliur
1836 3018 1871 3085 dt
1891 3008 1959 3085 Ca·

1160 3112 1283 3205 sparus
1312 3113 1503 3185 Goldworrr
1529 3114 1568 3187 in
1589 3112 1749 3205 catalogo
1769 3108 1957 3204 prodigio-

416 3206 451 3300 ς.
500 3202 659 3299 LXXIX.
716 3206 798 3280 Sed·
830 3210 962 3279 lrorum
999 3206 1117 3279 omni-
1157 3205 1958 3301 rummemorant‚annortto.inTransylva·

320 3315 387 3369 um
412 3299 568 3373 calculos
603 3323 751 3393 errentur
798 3304 998 3376 contrariuo
1038 3305 1114 3399 pla·
1155 3309 1215 3380 nia
1232 3312 1320 3381 coelo
1336 3308 1420 3383 sudo
1444 3302 1676 3404 comparuisse
1698 3308 1762 3377 lias
1778 3308 1902 3377 literad
1919 3311 1955 3375 dr

316 3413 370 3465 ne»
409 3397 669 3487 conturbavit,
718 3400 827 3495 quod
872 3401 1003 3495 ipsum
1037 3423 1112 3472 me·
1154 3407 1376 3479 haeverba:
1403 3402 1856 3479 lNRl·MDLVl.lAHll
1869 3400 1955 3474 ulli.

317 3492 494 3598 tuendum
522 3496 630 3582 illis,
678 3502 743 3594 qui
774 3521 911 3571 certum
952 3499 1113 3593 aliquem
1154 3503 1281 3576 ENDE
1296 3504 1452 3575 DIESES
1472 3502 1653 3578 amella
1679 3503 1736 3587 Ex
1756 3501 1829 3577 illio
1852 3501 1955 3579 tolli·

318 3591 495 3662 currentis
518 3597 709 3664 centenarii
722 3618 857 3667 annum
874 3608 1039 3689 extrema
1058 3597 1117 3668 iu‘
1154 3602 1208 3697 gir
1222 3598 1385 3675 aramus
1402 3600 1714 3691 Nachenmoserus
1732 3602 1829 3673 diem
1856 3594 1952 3671 iudi·

321 3685 415 3755 dicio
433 3688 574 3777 praecise
590 3689 789 3784 adsignant.
835 3691 1028 3791 Eustaclqus
1048 3697 1114 3765 Po⁴
1155 3700 1518 3773 cii-venturum'anno
1542 3705 1646 3790 1656.
1662 3697 1719 3771 Sic
1732 3716 1954 3791 autempro·

177 3832 180 3836 »
241 3812 276 3881 '.
316 3778 503 3874 ysseliusin
528 3784 621 3857 libro
647 3788 860 3862 Germanico
882 3778 924 3862 de
946 3794 1112 3889 mutatio·
1153 3799 1342 3891 grediturz·
1371 3800 1688 3885 Quemadmodum
1722 3793 1952 3888 indidia-poe·

313 3898 362 3953 ue
383 3898 590 3972 temporum
612 3884 681 3957 has*
708 3885 845 3980 profert
867 3886 1110 3968 cortedune:
1150 3914 1198 3965 na
1219 3894 1347 3967 diluvii
1371 3895 1471 3971 Deus
1488 3898 1533 3969 ad
1557 3894 1804 3989 poenitentiam
1835 3913 1947 3989 agen·

313 3993 408 4088 apno
424 3980 575 4072 40..posl
594 3981 754 4079 primum
771 3986 896 4060 Pascha
907 3987 1044 4059 interiit
1059 3990 1110 4059 lo·
1152 3991 1234 4062 dam
1255 3995 1506 4084 peccatoribus
1520 4015 1634 4064 annor
1651 3990 1870 4069 rao-'dedite
1898 3991 1951 4077 ita
2017 4024 2025 4033 -

312 4072 413 4186 erebo
430 4119 454 4186 e·
474 4094 567 4147 anno
592 4102 652 4169 4ο.
677 4080 753 4185 post
780 4068 962 4173 Nicenultr
991 4087 1107 4157 conci·
1149 4091 1671 4183 haudpraeterrationcmerit‚
1696 4088 1948 4176 srdixerimut‚
2023 4132 2025 4137 ·

311 4169 404 4240 lrum
415 4193 481 4257 ‚on
494 4194 565 4266 quo
578 4175 703 4267 pascha
714 4181 860 4252 tertium
888 4176 1106 4275 respectare·
1148 4190 1216 4257 hoc
1235 4191 1403 4284 prodigio
1423 4189 1766 4261 diomnovilstmum-
1780 4208 1954 4281 pronun»
2014 4250 2020 4265 .

181 4346 184 4351 ¹
311 4264 483 4340 divitatis·
508 4272 725 4348 celebranda
768 4278 995 4351 constitutum
1036 4277 1104 4367 eil,
1149 4286 1258 4370 cieri,
1286 4293 1319 4357 &
1340 4292 1419 4360 ideo
1451 4289 1557 4359 etiam
1581 4305 1663 4377 120.
1680 4282 1858 4380 superesse
1885 4306 1950 4358 am

310 4360 535 4438 urbs-Nicea
553 4388 654 4443 terrae
676 4394 777 4446 motu
799 4376 918 4448 eversa
941 4374 1018 4465 en,
1043 4398 1104 4448 an·
1147 4405 1240 4469 nos7
1261 4385 1392 4475 quibus
1413 4386 1450 4458 srt
1473 4385 1681 4479 poenitentia
1691 4382 1900 4455 hominibur
1910 4404 1949 4455 a·-

307 4481 355 4532 no
371 4481 439 4555 40..
460 4462 534 4534 uolt
563 4470 805 4545 calendarium
836 4474 1109 4570 Gregorianum-
1138 4482 1277 4571 gonda-
1348 4483 1661 4569 Quemadmodum
1687 4500 1808 4553 autem
1826 4479 1955 4553 seculo-

185 4670 188 4675 ·
303 4576 397 4643 mino
418 4570 522 4658 1481.
547 4566 719 4695 editum.r
749 4587 824 4666 quo·
854 4571 987 4648 uerum
1007 4574 1108 4651 allto.
1143 4576 1234 4651 Noa
1251 4579 1294 4652 ad
1313 4601 1462 4657 centum
1481 4578 1705 4655 solummodo
1730 4600 1844 4689 annos
1868 4601 1945 4675 por·

1853 4696 1953 4753 nam.
