4066 5468
360 192 591 345 n.‡
856 206 1441 335 mmmmm

362 426 523 513 bominis,
556 447 638 519 quac
662 428 882 497 tantummodo
911 438 1061 496 creatura
1086 423 1153 520 est,
1195 433 1336 502 vanitati
1364 429 1412 505 8⁴7
1431 432 1586 525 seruituti
1616 446 1826 536 corruptionis
1857 445 1992 521 luerint

197 516 200 523 ’
270 550 275 557 ·
361 533 504 597 nondun
523 524 896 619 perfldrenudgregata
914 548 1047 595 nurnero
1063 523 1152 615 filio·
1197 527 1387 613 iubieiiae,
1414 534 1498 622 quia
1513 558 1656 626 poenam
1677 541 1850 616 duntaxat
1862 548 1989 629 alanni,

240 686 245 694 .
282 658 286 663 ·
356 648 437 695 -rum
456 621 542 705 Dei,
569 622 1153 715 ltbcrobituraJicoituteinteritut,
1197 628 1608 720 nonautemsensuelllio
1635 638 1722 708 alias
1742 642 1914 717 tribuunt.
1942 643 1988 735 3)

363 735 402 794 ue
429 723 572 791 interitui
599 743 662 789 non
689 719 815 811 seruiat
828 767 840 812 ,
878 726 928 789 cui
945 716 1106 814 seruiunt
1123 744 1155 787 o·
1195 722 1384 817 Apostolus
1414 728 1499 797 dicit
1518 745 1702 803 creaturam
1723 739 1825 806 adbuc
1839 742 1990 839 ingentis·

363 845 452 895 annec
466 830 656 912 peccatores.
708 821 871 891 Peccatori
879 822 959 887 enin
975 818 1093 891 dibiun
1102 816 1154 912 este
1196 844 1262 892 cere
1285 821 1331 895 θ’
1350 822 1541 913 rnffiebiarc.
1590 830 1701 925 Atqui
1733 850 1988 930 eo'tempote,

364 938 481 991 morte
502 917 681 985 morieris.
732 912 1155 1013 Liberabituraptrninii·
1198 919 1475 1011 quoapoliolus
1508 927 1581 995 ltaec
1609 928 1818 1017 ‚scribebam
1853 936 1989 1011 limbus

365 1020 518 1089 bectatetn
543 1014 824 1109 gloriacfiit’orum
855 1017 942 1101 Dei,
977 1018 1009 1082 id
1029 1012 1091 1103 eli,
1117 1022 1156 1082 ut
1197 1018 1358 1087 iambum
1384 1038 1685 1105 etatet'acuatus,
1712 1049 1750 1099 ut
1772 1029 1989 1123 ipsemethu.

364 1112 495 1207 &ipsa
507 1114 676 1205 perueniat
695 1118 738 1183 ad
751 1115 925 1183 libertatem
936 1114 1062 1208 gloriae
1064 1110 1154 1203 filio·
1196 1114 1252 1184 ius
1278 1114 1382 1184 limbi
1414 1119 1597 1191 architeui
1623 1128 1831 1197 concedunt.
1883 1134 1988 1221 Qu'od

365 1236 439 1282 runt
466 1210 530 1280 Dei
547 1234 607 1302 per
615 1209 752 1302 fidene,
784 1210 955 1305 quatfidcs
972 1234 1042 1278 cunt
1064 1212 1098 1278 in
1118 1232 1154 1277 co
1196 1232 1230 1277 v.
1250 1233 1306 1287 20.
1335 1211 1515 1283 indefinite
1539 1218 1693 1303 dicitur,
1726 1218 1868 1295 vonitaii
1886 1230 1988 1313 licbie.

364 1334 432 1382 non
448 1321 538 1392 erat,
563 1320 712 1378 creatura
732 1323 839 1379 tanen
860 1313 950 1377 enoda
969 1312 1153 1388 dicebatur,
1195 1305 1479 1403 binelicreatura,
1506 1312 1749 1408 illudquidam
1761 1318 1990 1421 speciaiffn'r,
2019 1368 2025 1375 -

365 1406 414 1484 ξφ
434 1410 478 1477 ad
498 1406 599 1498 ipfiam
613 1410 773 1499 refertur,
796 1406 1055 1503 quodscquitur:
1082 1404 1154 1473 sei·
1195 1408 1358 1499 adeoque
1379 1409 1616 1480 individualiter
1641 1416 1683 1486 de
1707 1398 1847 1492 Adamo
1866 1432 1899 1497 δι
1914 1428 1988 1503 Eva

366 1528 449 1579 mus
474 1505 557 1599 quia
590 1505 720 1574 omnis·
739 1525 898 1578 creatura
929 1499 1158 1599 congemiscit
1196 1505 1386 1595 accipiunt.
1440 1503 1684 1603 Hieronymus
1702 1514 1739 1583 itt
1765 1516 1987 1598 comm.h.'l.

367 1602 442 1676 &a
468 1616 560 1672 crant
574 1603 653 1669 enim
674 1601 776 1670 aditae
795 1603 971 1685 credituri,
997 1596 1156 1695 quisptn‘·
1199 1601 1363 1686 Quidam
1377 1603 1484 1673 etiam
1511 1601 1555 1673 sn
1576 1608 1719 1681 dieunt:
1748 1616 1923 1694 Aaou&
1942 1628 1990 1695 Ε.

369 1712 407 1770 tu
429 1699 629 1783 subiacebant
651 1701 807 1797 laboriosis
823 1704 977 1794 operibus.
1027 1699 1096 1766 Sed
1121 1716 1155 1767 a·
1195 1720 1270 1767 nont
1293 1697 1348 1796 ff
1369 1712 1580 1788 creaturam,
1624 1730 1703 1794 quos
1723 1710 1796 1779 oiitn
1808 1715 1987 1811 serpens,

368 1797 525 1893 postolub
539 1798 606 1868 hoc
621 1798 698 1867 loco
729 1820 799 1868 non
814 1800 888 1892 agit
912 1799 954 1866 de
976 1796 1157 1864 liberatione
1185 1794 1246 1889 spe
1265 1799 1766 1908 diuinitatis·vanitatisubieiios
1787 1820 1988 1909 corruptioni

368 1920 392 1966 o
406 1896 565 1990 seruitute
575 1900 716 1988 peccati,
743 1918 821 1988 quae
844 1895 882 1965 lit
902 1916 966 1988 per
987 1893 1093 1965 iidem
1118 1891 1155 1958 in
1195 1893 1328 1988 effecerit
1340 1895 1512 1989 deservire,
1535 1920 1599 1969 nott
1617 1926 1657 1973 rx
1665 1904 1839 1999 semctipfie
1853 1937 1987 2005 peren..

369 1996 436 2066 hac
456 1994 554 2079 vitu,
595 1994 651 2064 sed
680 1995 725 2065 de
743 1996 925 2063 liberatione
956 2015 978 2061 o
997 1993 1156 2079 servitute
1196 2003 1269 2080 tes,
1300 1993 1360 2085 sed
1383 1994 1535 2086 serpentia
1555 1995 1754 2095 instigatione
1778 2004 1826 2079 ΕΤ
1850 1994 1984 2109 confilio.

226 2146 231 2157 .
367 2093 603 2185 corruptionis,
638 2111 807 2183 quaenon
832 2089 893 2163 nist
918 2091 1157 2160 inmortuae
1198 2094 1247 2160 Et
1267 2094 1344 2189 ipfi,
1371 2093 1564 2184 inquiunt,
1590 2096 1832 2192 iterabuntur,
1857 2123 1896 2178 ne
1919 2116 1986 2185 im

366 2212 433 2283 pet
458 2210 610 2261 mortem
642 2188 814 2299 obtingit,
854 2188 950 2282 quod
976 2184 1097 2277 ipsum
1112 2201 1157 2250 ex
1197 2211 1261 2258 non
1298 2190 1495 2280 corruptioni
1524 2182 1713 2283 deserviant.⁸
1768 2200 1812 2272 Et
1838 2206 1983 2299 postea:

366 2309 402 2371 v,
419 2307 475 2373 23.
525 2284 744 2383 Augustinus
777 2288 910 2359 ibidem
934 2282 1028 2354 reete
1060 2280 1157 2351 colli·
1198 2286 1361 2357 Ceratum
1384 2298 1491 2355 nutem
1521 2289 1746 2386 Admst&
1766 2303 1869 2388 Eva,
1903 2332 1986 2401 qm

366 2390 432 2483 git.
481 2388 573 2456 Haec
588 2388 742 2478 adoptio,
769 2387 907 2479 inquit,
934 2380 1154 2477 quaeinrrtsa·
1195 2384 1487 2477 odbucexspebiot,
1513 2396 1534 2454 a
1559 2387 1630 2458 Deo
1632 2390 1673 2483 se
1682 2396 1824 2486 recipere
1838 2406 1985 2494 adoptio.

367 2487 420 2559 tle
445 2486 536 2581 estin
553 2488 614 2571 iic,
638 2491 693 2580 qui
716 2490 935 2566 crediderunt,
969 2478 1152 2573 inspicite,
1193 2484 1276 2555 nrm}
1329 2488 1474 2557 Venitne
1502 2482 1542 2574 est
1554 2495 1816 2579 praevaricatio,
1851 2503 1985 2594 ΜΝ,

253 2592 259 2605 ’
367 2609 432 2655 non
459 2590 490 2654 in
517 2610 645 2683 corpure
662 2584 760 2676 sabia
787 2583 838 2672 cll.
888 2578 1154 2669 Nondum'enin't¹
1194 2580 1274 2655 iebia
1296 2585 1581 2675 Eteononpropria
1597 2587 1788 2675 ootouan,
1805 2592 1867 2686 sed
1885 2600 1984 2693 asar.

136 2752 140 2759 ,
365 2706 480 2774 corpur
496 2681 757 2778 reformatumefl
776 2685 809 2752 ln
821 2679 960 2775 calestem
983 2677 1068 2746 illam
1083 2698 1151 2744 mll-
1187 2698 1286 2779 pente
1309 2689 1433 2775 decepta
1441 2684 1499 2774 spe
1518 2680 1595 2766 illa,
1622 2707 1688 2777 qua
1701 2691 1865 2763 audierat:
1885 2698 1983 2771 eritis

174 2792 186 2811 ·’
257 2806 261 2815 ’
367 2784 545 2866 tationem,
566 2782 867 2879 ficutspirituriant
889 2789 1034 2847 mutatur
1055 2774 1152 2869 estre·
1194 2780 1392 2875 quast-Dii3
1409 2780 1553 2872 seruitus
1573 2783 1729 2870 anteneri
1750 2797 1981 2883 corruptionis,

367 2883 580 2953 conciliatione
592 2880 669 2973 fidei
686 2883 724 2948 ab
746 2882 905 2948 erroribus
921 2876 1088 2965 contecrfue
1111 2877 1153 2941 oti
1192 2905 1288 2975 quarn
1303 2882 1429 2950 audiuit
1444 2879 1549 2948 Atiam
1567 2901 1576 2946 t
1603 2899 1696 2950 tetra
1716 2904 1781 2970 es,
1808 2895 1842 2957 ἃ
1858 2891 1895 2960 in
1915 2912 1982 2963 ter.

239 2978 248 2995 ‘
367 2984 475 3055 Deum
495 2980 563 3054 &u
617 2979 717 3047 Adde
734 2980 830 3069 quod
854 2970 1151 3068 impiiuiniustn
1192 3001 1270 3051 ram
1287 2980 1366 3051 ibis.
1418 2976 1981 3082 lnrelueretiioueautenrceepturi

368 3072 672 3171 quatenustales,
707 3074 863 3146 servituti
880 3074 1015 3166 peccati
1033 3070 1151 3165 sponte
1182 3077 1265 3169 sunt
1294 3074 1561 3167 incorruptionem
1591 3072 1743 3166 filiorum
1775 3084 1852 3151 Dei.
1913 3087 1981 3157 sed

367 3177 430 3249 stnt
452 3174 622 3257 subieffle
649 3196 713 3245 nec
739 3175 932 3244 deiiderent
947 3172 991 3240 ab
1007 3190 1046 3238 ea
1063 3168 1148 3237 libe·
1182 3178 1267 3257 ,baec
1283 3173 1525 3267 interpretatio
1540 3171 1669 3243 iisdem
1687 3180 1859 3250 evertitur
1875 3203 1980 3277 argu·

364 3276 449 3345 rati.
510 3273 576 3357 Qui
610 3273 651 3342 de
690 3270 867 3364 spiritibus
901 3266 1151 3339 defuniiorum
1194 3276 1348 3355 mentis,
1375 3268 1641 3364 quibusprior,
1665 3272 1979 3351 acidenutrobi·

365 3360 737 3463 iextum'exponunt,
771 3372 922 3440 illieum
947 3365 1149 3454 accipiunt,
1194 3393 1264 3465 que
1302 3388 1421 3439 manet
1451 3363 1644 3436 subieuom
1666 3368 1702 3437 in
1732 3373 1980 3464 propolitinni.

364 3472 408 3539 de
432 3470 600 3537 animabus
618 3466 801 3556 fiandiorttm
827 3480 901 3535 onte
926 3459 1085 3545 Cluilium
1097 3466 1149 3530 dc·
1192 3468 1258 3539 bus
1285 3464 1509 3561 apostolicis,
1546 3482 1583 3533 ut
1614 3461 1718 3535 series
1745 3472 1979 3547 connexionis

174 3588 187 3605 ·
272 3566 297 3583 '⁴
353 3562 572 3658 jitnbireun,
613 3565 675 3653 qui
699 3566 945 3634 liberationem
968 3583 1012 3633 etc
1037 3558 1148 3631 limbo
1190 3563 1346 3636 ostendit.

340 3665 493 3755 nunide
513 3659 800 3753 exspoliaverint.
851 3661 1094 3753 Hieronymus
1111 3659 1171 3729 in·
1757 3736 1765 3747 .
1908 3738 1912 3745 Ι

363 3781 554 3831 comment.
608 3752 1146 3853 Omitcntereotutatndieuntrffc,
1302 3770 1331 3844 §.
1358 3758 1446 3832 le.
1503 3760 1578 3854 lli)
1618 3758 1770 3848 Quidam
1795 3788 1883 3862 ergo
1904 3786 1976 3837 non

362 3862 538 3959 quicunque
566 3854 663 3950 usquc
691 3863 735 3943 ad
751 3864 920 3927 ado‘entutn
944 3854 1059 3945 Christi
1075 3854 1148 3949 iusti
1188 3859 1232 3931 de
1255 3861 1398 3957 angelico
1429 3906 1440 3944 ,
1480 3881 1546 3929 nec
1574 3861 1617 3959 de
1632 3864 1788 3934 humana
1808 3904 1837 3949 ,ς
1853 3862 1910 3935 sed
1933 3867 1975 3935 de

358 3960 522 4050 suerunt,
555 3957 633 4048 quio
657 3952 703 4026 td
722 3958 780 4048 ipfi
799 3963 937 4027 nondum
966 3955 1149 4046 accipientes
1189 3956 1409 4051 corporali&
1429 3958 1614 4028 irrationale
1632 3970 1803 4046 creatura,
1831 3958 1975 4047 hatest,

362 4055 569 4147 exsufflati,
614 4052 687 4121 Deo
707 4048 770 4147 pri
790 4060 876 4124 nobis
898 4054 1018 4145 aliquid
1041 4052 1150 4120 melior
1192 4059 1319 4127 dotota
1338 4054 1561 4127 universitate
1586 4075 1785 4143 creaturae,
1810 4078 1975 4151 corpora·

259 4156 263 4165 '
355 4155 555 4244 providente.
607 4151 647 4221 Et
662 4151 801 4244 postea:
843 4153 1149 4220 Commetnenttrea·
1189 4153 1234 4225 lis
1255 4154 1627 4237 &rationacarentis,
1656 4154 1974 4249 quaecomprehen.

361 4264 473 4323 turon
507 4251 650 4317 nominat
675 4250 746 4343 pali
779 4252 943 4319 Adonem
966 4246 1012 4333 b!
1039 4252 1148 4316 Euan
1191 4253 1241 4321 dit
1264 4252 1400 4332 coelos,
1435 4250 1634 4333 elementa,
1668 4248 1810 4345 aliaque
1833 4272 1880 4323 ex
1905 4251 1972 4323 ele·

363 4330 832 4442 iustos,quisoeruaiefi1oe
858 4345 1145 4436 adtempucCitri·
1190 4349 1320 4419 mentis
1350 4344 1560 4430 constituta,
1592 4349 1713 4419 locum
1746 4347 1976 4441 apostolicum

100 4450 108 4459 ‘
227 4478 268 4511 ·.
353 4444 403 4539 flt'
432 4442 505 4516 &n
555 4446 621 4516 Sed
641 4451 714 4517 haec
737 4441 903 4513 sententia
952 4444 993 4536 t)
1023 4444 1147 4514 nititur
1189 4462 1386 4536 exponunt.
1441 4442 1665 4515 ltallatuttnt
1690 4464 1734 4511 ex
1759 4444 1975 4541 Graecitptt·

361 4536 653 4653 fallaltppothest.
699 4536 747 4621 α)
771 4538 846 4608 Nee
861 4539 939 4611 satie
957 4539 1143 4611 commode
1184 4541 1299 4611 tribus
1343 4538 1644 4636 chrysostomus,
1691 4539 1976 4629 Theodoretua,

364 4642 408 4715 tiu
436 4638 623 4719 animabus
645 4637 683 4709 in
712 4632 825 4709 limbo
854 4638 1015 4726 dicetm,
1047 4636 1144 4733 quod
1184 4637 1473 4738 Theopbylaiiue
1490 4645 1524 4711 dt
1542 4638 2008 4809 Oeeumaniuoittcooltpi'
