4066 5468
328 231 392 307 ne
439 232 717 325 nntvtterte
747 233 964 308 exerent
1012 232 1185 333 tuotcu.
1254 229 1331 299 n
1435 244 1560 339 ,ω

34 412 97 499 a)
127 410 278 508 Propter
307 414 505 505 pertinacem
540 416 719 485 medionon
760 384 1037 485 rumconventu
1058 412 1194 486 librum
1222 405 1390 485 adversus
1416 404 1555 485 ludaeot

8 514 130 627 reſsonis
155 535 191 580 or
211 509 333 603 fitlutis
363 511 568 582 teiedlionent.
618 509 719 585 Cleri·
760 507 830 581 ase
848 507 1018 605 scriptum
1034 510 1175 610 publice
1192 511 1228 581 in
1245 506 1415 602 Hispania
1435 511 1561 582 recite-

8 610 168 682 tentmin
182 607 252 680 suis
264 606 452 703 synagogis
464 607 719 701 blasphemant,
760 600 840 693 ret',
866 609 961 680 ultra
991 629 1101 690 ςοοο.
1150 606 1353 679 ludaeorum
1381 604 1424 675 td
1449 604 1553 675 Chri·
1625 658 1630 667 .

8 728 91 797 intes
108 727 193 778 eum
211 705 329 781 Ttatn·
351 714 384 778 δι
403 703 496 778 fadia
515 707 593 779 eius
621 728 718 777 men·
756 700 851 777 llum
871 703 950 778 sunt
972 703 1171 790 conversa,
1210 724 1251 775 ut
1276 705 1313 774 io
1336 699 1558 795 frontispicio

8 829 21 877 e
42 803 254 891 subiiciunt,
288 804 431 872 delector
445 815 558 873 nomen
572 806 663 888 rior,
686 813 719 877 8ι
759 800 844 874 libri
854 824 1086 876 memoretur.
1137 805 1186 893 6)
1210 805 1357 893 Propter
1379 789 1560 895 clrijn&

8 920 121 974 errem
152 919 205 970 tet
233 897 439 995 exspuunt,
479 899 613 972 liberos
638 899 717 975 suos
757 898 1227 993 apostolorumproedibiionetn
1247 897 1559 991 depaucitatecre·
1677 982 1683 993 Ι

17 997 280 1090 indeaprima
305 999 458 1092 pueritia
479 997 721 1070 adsuefaciunt
762 997 924 1071 dentium
941 998 1211 1071 &multitudine
1228 994 1547 1093 haetefiumdteot·
1586 1062 1588 1073 ,

8 1094 294 1167 maledicendum
340 1093 475 1167 Christo
515 1116 557 1167 ac
583 1097 720 1190 virgini
759 1096 983 1186 ruptelarum
1017 1094 1081 1169 sub
1103 1093 1212 1168 finem
1235 1094 1383 1178 mundi,
1423 1081 1585 1186 quade‘

8 1214 117 1277 tare,
144 1190 178 1262 fi.
193 1192 275 1286 quis
293 1213 338 1263 ex
354 1190 463 1263 verbo
480 1190 717 1287 Deiipsorum
759 1212 798 1262 te
815 1189 974 1281 diximus
998 1192 1173 1288 superius.
1224 1188 1327 1262 Hisce
1349 1188 1549 1263 rationibus

9 1311 66 1368 ree
86 1287 240 1373 refellit,
267 1310 372 1361 aures
392 1288 632 1365 obturant&e.
660 1294 716 1382 3)
757 1290 912 1381 permoti
935 1311 1075 1365 textum
1105 1288 1336 1383 apostolicum
1367 1288 1470 1361 Rom.
1494 1289 1554 1359 Xl.
1677 1310 1685 1321 ¹

9 1401 67 1459 tter
82 1387 183 1459 Pace
199 1385 467 1477 proedidsiontm,
497 1390 594 1480 quod
616 1409 716 1461 teve·
758 1402 818 1487 ας.Ι
839 1389 1082 1482 accipiundo
1109 1387 1546 1483 quadomsodototontton·
1693 1394 1710 1419 ·'

17 1482 212 1559 antichristi
228 1482 392 1556 futurum
406 1485 443 1556 stt
459 1486 628 1559 ultimum
651 1486 719 1558 Dei
758 1486 894 1583 tersione
909 1508 1069 1580 tempore
1091 1507 1174 1557 nov.
1200 1483 1271 1558 tesi.
1296 1504 1468 1577 perpetuo
1492 1486 1555 1556 du·

9 1583 196 1658 tmaxime
214 1572 449 1675 memorabile
476 1602 557 1654 ante
589 1580 716 1667 tnun'di
759 1602 878 1668 tante,
915 1583 1157 1675 utfitsensus,
1190 1582 1287 1677 quod
1309 1583 1467 1675 gratuita
1486 1581 1555 1652 Dei

9 1705 61 1765 n,
93 1704 114 1755 2
136 1675 253 1748 Thesl.
273 1680 310 1751 ll.
334 1689 368 1760 8.
397 1700 432 1751 at
454 1678 476 1750 st
507 1679 600 1752 inter
625 1681 716 1753 anti·
758 1677 884 1752 elediio
901 1703 971 1753 nott
991 1680 1105 1757 solum
1121 1683 1165 1753 ad
1179 1677 1366 1771 conver-sos
1384 1678 1553 1775 eugenti·
1571 1692 1602 1763 ·,

9 1779 43 1851 lli
55 1773 358 1849 revelationem&
377 1777 503 1849 mundi
520 1774 716 1852 finemuni·
757 1773 825 1849 bus
836 1810 852 1869 t‘
877 1775 933 1857 ¹sed
950 1779 1057 1850 etiam
1075 1779 1119 1850 ad
1136 1778 1274 1850 ludaeor
1294 1772 1432 1869 spedlet.
1451 1777 1555 1865 Quod
1583 1788 1588 1801 ’

9 1876 69 1948 elis
91 1872 300 1944 iudeorum
322 1873 502 1945 conversio
522 1875 716 1947 intercede·
757 1874 881 1945 attinet
908 1877 1123 1968 particulam
1145 1872 1386 1957 universalem
1420 1878 1554 1962 ononis,

13 1972 160 2059 eberet,
198 1967 376 2065 apostolus
408 1968 711 2065 non'exposuill'et
757 1970 857 2043 illam
874 1970 997 2045 dicunt
1018 1973 1189 2069 respicere
1203 1973 1246 2045 ad
1257 1969 1393 2044 diversa
1410 1979 1444 2044 dc
1457 1973 1551 2043 inter

9 2072 136 2142 timum
156 2064 330 2139 adventus
346 2065 473 2149 christi
489 2069 640 2166 fignum.
669 2075 715 2162 4)
756 2063 788 2137 se
803 2066 1151 2164 dislindla'tempora,
1179 2070 1344 2143 videlicet
1358 2070 1401 2141 ad
1411 2089 1553 2164 tempus
1696 2146 1700 2153 ,

9 2188 73 2240 tter
101 2165 301 2235 durationem
336 2169 509 2237 notationis
538 2169 713 2263 gentiunt,
759 2185 829 2237 vet.
851 2164 921 2237 tell.
936 2168 980 2239 ad
1005 2170 1228 2261 primitivam
1246 2166 1426 2238 ecclefiam
1454 2175 1486 2238 δι
1505 2169 1550 2241 ad

41 2270 128 2336 Luc.
164 2256 278 2332 XXI.
300 2288 356 2360 24·
378 2272 410 2336 δι
436 2284 493 2356 25.
529 2263 642 2357 usque
674 2267 720 2338 ad
760 2262 966 2352 ecclesiam,
995 2261 1397 2359 quaetemotiotibusob
1418 2263 1550 2357 apollo·

10 2365 53 2436 tdi
78 2350 189 2434 linem
207 2360 348 2431 videtur
375 2364 530 2435 extendi.
586 2363 716 2457 Eutby·
759 2361 879 2432 lorum
895 2360 1008 2434 seculo
1037 2363 1261 2457 temporibus
1277 2361 1397 2433 lutura
1416 2352 1491 2445 est',
1511 2382 1554 2434 ut
1631 2436 1634 2441 ,
1757 2400 1793 2431 .-
1838 2376 1850 2389 ··

10 2464 216 2535 t'incomm
233 2482 292 2551 per
314 2472 460 2550 temporo
491 2457 639 2556 gentiunt
660 2463 712 2531 in·
760 2456 1009 2551 fignificetut,
1042 2461 1135 2533 bisce
1155 2461 1292 2533 ultimis
1330 2459 1552 2554 &proxime
1705 2484 1708 2489 ·

10 2562 54 2657 git
82 2579 151 2633 ea,
183 2578 265 2649 quoe
284 2559 449 2626 durabunt
466 2558 563 2652 estpot
583 2563 627 2627 od
645 2582 716 2629 ton·
758 2558 958 2649 antegreffis
970 2558 1094 2632 seculis
1104 2560 1306 2632 ludaeorum
1320 2558 1480 2651 aliquem
1494 2578 1550 2629 ac·

10 2660 164 2745 notionum
183 2655 330 2751 gentiunt
348 2658 650 2751 totiutqnttnundi,
677 2676 718 2728 ut
759 2649 1151 2729 cridintunensem
1172 2650 1475 2727 christianamesse
1496 2653 1552 2727 fu·
1623 2683 1626 2687 ’
1697 2706 1702 2721 t
1755 2662 1800 2735 ,κ’
1916 2648 1927 2741 2
1985 2710 1988 2722 .

10 2755 143 2827 ificetur
156 2750 345 2825 Ierusalem
364 2774 552 2847 nunquam
570 2776 716 2848 recupe-
758 2754 905 2837 turum,
932 2777 1001 2825 non
1013 2755 1133 2826 minus
1151 2776 1260 2849 quam
1277 2754 1313 2823 id
1331 2749 1465 2824 ludium
1479 2755 1553 2824 iam
1596 2792 1603 2805 ι

10 2859 73 2925 {arn
90 2845 188 2921 elsea
206 2851 331 2922 ludaeis
352 2899 363 2936 ,
391 2849 447 2922 sed
461 2852 716 2947 eampodtden·
758 2866 832 2918 erat
854 2850 1093 2941 apostolorum
1117 2872 1304 2942 tempore,
1353 2869 1393 2918 ut
1411 2853 1478 2922 hac
1499 2871 1553 2921 ra·

25 2945 253 3045 agentibus,
279 2950 453 3039 quamdiu
471 2970 574 3020 erunt
587 2960 712 3043 genten
759 2943 854 3017 tione
876 2950 1089 3042 omnirlsrotl
1100 2996 1112 3034 ,
1139 2950 1206 3019 hoc
1216 2947 1262 3017 est
1273 2948 1294 3032 ,'
1310 2967 1382 3017 tam
1400 2948 1473 3032 ille,
1485 2947 1550 3041 qui

13 3064 201 3131 tterram,
227 3048 294 3115 ltoc
314 3044 384 3131 eli,
412 3045 588 3141 usquead
610 3045 719 3118 finem
759 3038 827 3111 fuit
849 3043 885 3113 in
917 3047 1075 3145 antiquio
1102 3065 1172 3116 vet.
1197 3043 1266 3115 test.
1300 3044 1549 3135 temporibus,

10 3148 62 3218 idi.
110 3143 214 3213 quta
260 3144 352 3214 hanc
392 3144 719 3235 interpretationem
761 3142 964 3230 quamillo,
992 3143 1109 3237 quiin
1126 3142 1310 3236 primitiva
1332 3141 1471 3212 ecclesa
1501 3142 1554 3213 vi·

10 3244 98 3317 icula
113 3241 253 3335 deperio
264 3240 383 3312 verbis
407 3240 531 3314 Christi
546 3243 720 3335 accipitur
759 3238 838 3324 xit,
861 3240 934 3310 imo
956 3240 1081 3324 criste,
1122 3241 1186 3331 oni
1210 3236 1360 3322 nolitia,
1394 3240 1461 3309 hoc
1477 3236 1553 3325 est',

11 3344 83 3442 five.
137 3341 197 3433 5)
224 3340 370 3431 Propter
383 3342 538 3431 paritatis
558 3344 717 3410 rationem
758 3335 897 3409 ultimis
924 3336 1049 3410 seculis
1080 3335 1244 3409 victurus
1266 3332 1334 3418 est,
1371 3353 1478 3426 atque
1502 3335 1552 3406 ita

11 3437 227 3511 onvertcnda
259 3436 461 3509 ludaeorum
496 3439 719 3531 &gentium
762 3433 880 3506 omnir
912 3437 1076 3509 omnium
1098 3454 1304 3527 tempotum
1318 3432 1422 3503 lsrael
1442 3431 1553 3501 contl-

11 3540 158 3610 itudine.
209 3534 257 3604 Ut
282 3535 380 3606 enim
417 3535 595 3607 conversio
633 3558 719 3630 gen·
762 3553 834 3603 nuo
863 3532 1012 3605 ecclesiae
1035 3536 1256 3606 incremento
1282 3529 1488 3620 salvandus,
1519 3535 1557 3599 dt
1590 3550 1592 3554 ·

11 3658 113 3706 tnon
143 3626 189 3703 o'st
214 3630 305 3703 sada
332 3631 432 3703 stmul
455 3632 636 3719 desemel,
663 3632 720 3705 sed
761 3630 805 3700 ad
837 3628 962 3704 Cbrilli
992 3634 1216 3729 agnitionem
1233 3628 1482 3721 perducendus
1503 3625 1553 3697 stt.
1628 3671 1636 3683 ,
1784 3724 1789 3731 1

11 3734 134 3814 essrve,
161 3729 326 3801 ficludaei
349 3728 489 3822 sparsim
512 3738 545 3802 δι
570 3728 719 3803 succesit·
762 3727 856 3813 Quid
879 3750 965 3825 ergo
988 3732 1055 3805 hac
1090 3732 1133 3802 de
1164 3750 1201 3797 te
1227 3722 1480 3799 statuendum?
1506 3725 1559 3815 1)-

10 3833 153 3903 idcntur
167 3829 410 3911 convertendi,
427 3829 524 3919 quod
539 3827 561 3898 st
577 3849 719 3913 omnes,
760 3823 862 3895 Talis
880 3826 1082 3899 ludaeorum
1098 3822 1302 3912 conversio,
1330 3823 1474 3917 qualem
1491 3821 1556 3892 elti-

11 3953 25 4002 t
53 3922 272 4009 christianis,
306 3923 499 4016 ptaesertim
524 3925 560 3995 in
584 3925 734 4021 Graecio
758 3919 866 4012 instar
888 3922 1058 4013 sperant,
1095 3924 1216 3993 futura
1239 3918 1402 4003 nonest,
1437 3919 1557 4007 utsuo

11 4044 209 4105 yertuntut,
242 4042 568 4109 connumerentur,
599 4024 719 4096 multi·
759 4021 958 4111 locoplene
976 4018 1286 4091 demonstrabitur.
1337 4018 1388 4109 2)
1412 4016 1559 4089 Sednec

11 4147 90 4196 nem
120 4121 215 4191 haud
240 4121 537 4191 contemnendam
557 4120 719 4205 eonllitu·
752 4119 839 4193 -talis
854 4116 1049 4212 speranda,
1077 4118 1223 4212 qualem
1240 4112 1558 4209 pontificiiperHe·

49 4220 141 4292 Cum
154 4215 382 4288 annoChristi
396 4240 502 4310 14¹2·
544 4214 740 4310 Hierony..
762 4217 868 4288 nothi
888 4217 1016 4287 &Eliae
1028 4213 1323 4312 praedicationem
1340 4211 1557 4305 exspediant,

29 4313 312 4398 desandlafide,
352 4319 535 4407 quondam
554 4314 721 4401 ludaeuo,
761 4314 883 4389 sutura
910 4310 969 4385 est.
1018 4317 1072 4409 3)
1093 4311 1172 4386 Nee
1203 4309 1341 4403 obfltloit
1369 4312 1560 4401 universalis·

12 4420 41 4490 td
67 4412 245 4486 Christum
262 4412 721 4508 conversus,·eorampon-
763 4413 929 4484 omnium
955 4415 1102 4486 omnino
1113 4411 1317 4483 ludentum·
1340 4407 1555 4502 speraripot·

12 4508 228 4587 thnediilo
254 4508 345 4578 Xlll.
371 4519 403 4580 dt
425 4512 668 4583 cardinalibus
686 4510 723 4583 itt
763 4509 812 4581 est
836 4509 1027 4582 conversio.
1083 4510 1132 4582 Ut
1151 4506 1249 4580 enim
1267 4505 1450 4600 plenitudo
1467 4526 1556 4601 gen,

12 4608 204 4688 uentilltmo
229 4602 503 4687 christianorum
523 4615 559 4685 dt
579 4611 713 4691 ludeo·
757 4608 933 4777 eluntgon
946 4628 1042 4684 notat
1056 4606 1211 4706 ungulae
1229 4598 1555 4700 &uuiversaagen-

895 4724 970 4802 Μ
1045 4756 1048 4761 ’
1501 4718 1560 4775 ¹⁰⁸
