4066 5468
513 159 870 313 vnef-coeuntis
921 216 1330 301 tasvnuecnouts.
1645 235 1720 322 tt:

59 395 106 494 se
140 391 259 477 babet,
297 415 488 479 materterae
519 393 826 479 rotundarunt-id
845 441 856 483 ‚
872 396 978 488 uuit
998 399 1204 492 apostolus,
1228 392 1603 495 myseriumnoiirdleo.
1624 407 1688 481 At·
1719 450 1722 455 -
1807 453 1814 463 .

64 499 142 566 θλ
165 493 647 589 κπανπεςαὶλαγκσομεθα.
668 492 725 563 Ηο
801 516 858 564 eo·
899 494 963 586 qui
976 486 1101 572 omnes
1129 498 1347 573 dormituros
1370 500 1439 570 sive
1462 503 1681 592 morituros,
1713 570 1718 579 .
1905 504 1908 517 '

63 610 167 662 rema
186 587 383 682 probamus
403 589 630 683 sequentibus
645 589 734 674 fund
798 613 856 661 en·
897 610 968 681 non
984 611 1108 685 autem
1120 614 1245 667 omnes
1261 596 1534 682 immutandos,
1559 622 1630 670 non
1650 625 1688 673 e·

62 689 132 760 tis:
160 688 202 781 ι)
228 688 313 780 quia
324 686 553 782 antiquissimi
573 708 613 758 ac
626 685 855 781 probantum
891 706 952 767 ‚rat
982 709 1124 762 tantum
1141 691 1368 784 mysterium,
1404 695 1489 786 quia
1510 697 1585 768 iam
1604 718 1686 771 ame
1713 744 1718 762 ·

62 786 207 857 codices
227 784 271 855 fic
285 785 437 952 leffium,
464 804 504 856 ut
533 783 663 857 constat
684 805 731 855 ex
747 804 853 877 opere
896 783 1071 858 constabat
1086 786 1282 860 Corinthiis
1306 835 1318 875 ,
1347 800 1473 873 omnes
1495 789 1560 865 else
1576 796 1688 870 morti
1711 834 1715 849 =

67 887 187 980 Regio
217 883 325 956 &Ro
354 883 420 959 esti
453 882 621 977 Stephani
659 881 855 973 codlcibus.
895 880 1100 977 obnoxios,
1139 907 1266 957 omnes
1297 880 1362 959 esse
1389 885 1643 963 resuscitandos
1670 936 1714 980 ‚‚
1798 938 1800 943 ·

62 984 202 1055 Eodem
224 981 331 1052 modo
354 978 488 1074 legitur
509 983 545 1050 in
576 981 731 1053 editione
754 979 855 1050 Aldi·
895 977 952 1050 sed
973 978 1032 1051 ex*
1047 982 1217 1054 omnibus
1243 981 1451 1067 resuscitatis
1480 986 1573 1059 solos
1600 989 1700 1082 pios,

63 1103 144 1166 na,
185 1077 417 1168 Hervagiana
443 1080 737 1161 &wecheliana
804 1076 855 1164 u)
895 1077 1116 1173 adglorians
1136 1101 1201 1172 per
1223 1081 1509 1161 immutationem
1532 1084 1683 1157 transfe-

62 1180 174 1274 Syrus
190 1183 223 1247 δι
238 1172 354 1246 Arabs
365 1174 575 1268 interpretes
588 1176 730 1248 eodem·
745 1175 853 1266 modo
896 1177 1028 1246 rendos
1045 1223 1056 1261 ,
1086 1176 1174 1270 quid
1190 1179 1285 1269 quod
1300 1180 1336 1249 in
1354 1181 1421 1248 hoc
1436 1180 1507 1273 ipso
1520 1183 1633 1275 capite
1647 1206 1684 1257 a.
1709 1252 1716 1265 ,

22 1288 25 1293 ⁴
63 1294 225 1349 vertunt.
275 1270 430 1343 Aeacius
457 1276 553 1365 apud
589 1271 855 1367 Hieronymum
895 1269 1052 1366 pollolus
1075 1274 1165 1347 illud
1188 1274 1262 1345 iam
1287 1295 1367 1347 ante
1394 1279 1596 1350 tradiderat.
1644 1302 1682 1352 v.
1816 1282 1834 1295 “

55 1380 227 1474 plerosque
241 1369 516 1471 codisesssiegere
535 1370 672 1443 adserit.
721 1372 763 1467 3)
790 1369 856 1439 Eo·
896 1385 956 1444 22.
979 1371 1021 1439 In
1036 1372 1144 1445 Adora
1158 1395 1264 1442 omnes
1281 1374 1478 1444 moriuntur.
1502 1398 1538 1445 u.
1552 1397 1613 1472 43.
1631 1376 1692 1445 80.-
1707 1408 1716 1427 .
1847 1364 1850 1371 '

63 1477 149 1548 dem
162 1490 286 1544 tenore
310 1468 539 1539 hunclosum
557 1470 664 1539 citant
683 1465 855 1537 Theodo·
895 1470 1039 1538 minatur
1051 1471 1085 1539 iu
1102 1460 1685 1567 corruptioue,sesrgitiuincorrupti·

62 1591 129 1646 rus
154 1564 359 1651 Heracleae,
392 1566 571 1637 Diodorus
588 1561 793 1656 Tarsensis,
821 1563 854 1636 lle
895 1563 1036 1639 ansus.
1054 1568 1225 1637 praterea
1251 1591 1287 1638 v.
1309 1585 1363 1658 52.
1380 1569 1585 1642 immediate
1605 1569 1686 1647 sub·
1819 1597 1820 1601 ¹

63 1664 508 1765 ApollinariusLaodiceae
521 1661 683 1755 Episcopi
696 1659 852 1731 referen-
882 1661 1040 1734 ..tonnus
1060 1664 1194 1757 optime
1208 1663 1498 1759 respondethuic
1518 1665 1685 1755 'ludioni
1784 1698 1788 1705 ·
1812 1676 1814 1680 ‘

63 1789 101 1847 te
126 1764 353 1855 Hieronymo
371 1763 411 1847 d.
429 1760 453 1830 l.
499 1759 675 1855 Origenes
707 1756 788 1851 libr.
811 1758 853 1831 ll.
895 1763 929 1827 irs
951 1777 1126 1844 mamerto,
1152 1763 1381 1849 irs-isiuoeusi,
1407 1762 1613 1855 iunuuiffim'a
1632 1778 1711 1834 tut.

63 1884 190 1938 contra
204 1856 365 1946 Celsum,
392 1855 678 1952 chrysostomus,
691 1853 852 1939 Basilius,
893 1855 995 1929 ba&
1007 1860 1127 1929 morsus·
1148 1857 1313 1954 resurgeat
1333 1863 1535 1952 morawa,
1561 1860 1608 1935 gy·
1627 1887 1708 1933 Μ,
1733 1870 1751 1929 χ

61 1961 341 2043 Theodoretus,
369 1952 854 2047 Oecumenius&¹Theophy·
895 1957 1148 2025 immutabimur.
1198 1954 1497 2050 Distinguit'inset
1520 1978 1708 2032 mortuos·

58 2058 189 2136 lellus.
240 2055 282 2125 ln
303 2052 607 2125 commentariolis
629 2045 853 2142 Hieronymo
895 2049 1155 2126 resurresiuros
1171 2054 1400 2147 incorruptos
1424 2056 1703 2131 &interrivos

61 2154 249 2249 adscriptis
265 2146 555 2243 eademlesiiout
572 2144 759 2240 apostolico
782 2145 855 2214 sen·
896 2149 940 2218 ad
961 2148 1270 2244 incorruptionem
1293 2152 1561 2240 immutandos,
1596 2155 1683 2243 quia

64 2259 117 2337 sui
131 2251 291 2333 maxime
308 2266 466 2342 congrua
478 2246 636 2338 *reliquis
652 2240 852 2336 praefertur.
896 2244 1025 2318 scilicet
1047 2269 1118 2317 non
1158 2269 1282 2318 omnes
1308 2244 1370 2317 fint
1400 2249 1590 2338 dormitur}
1612 2248 1681 2320 slve

21 2338 298 2431 inmundus,
325 2341 852 2439 quamvisinexposrtionetex·
894 2344 1085 2428 morituri,
1111 2345 1312 2436 aeproinde
1337 2364 1402 2415 nee
1426 2342 1681 2430 resurtesluri,
1729 2434 1731 2441 y

43 2486 46 2491 ·
63 2473 122 2524 tus
142 2451 292 2521 alteram
308 2440 521 2525 Ιθᾶἰοηθῐη,
545 2462 651 2509 omnes
665 2441 788 2534 quidem
804 2457 853 2505 re·-
897 2462 1022 2512 omnes
1038 2441 1157 2512 'tamen
1177 2441 1391 2512 immutandi
1401 2441 1468 2514 five
1482 2445 1518 2514 in
1538 2443 1609 2537 ipsa
1625 2465 1681 2511 re.
1809 2468 1813 2475 ¹

54 2552 264 2648 surgemus,
289 2542 346 2635 sed
368 2563 432 2609 noa
453 2561 560 2607 omues
588 2537 853 2621 immutabimur,
896 2535 1111 2609 surresiione
1126 2538 1196 2608 five
1219 2536 1540 2622 inresurredlionis
1561 2541 1680 2611 analo-

63 2649 259 2740 sequatut,
292 2658 411 2710 tamen
439 2637 546 2708 etiam
572 2636 720 2711 alteram
740 2630 855 2704 subdit
895 2655 955 2729 go.
1006 2637 1107 2710 Prius
1122 2637 1167 2707 ad
1181 2652 1363 2720 mortuos,
1390 2634 1566 2729 postetius,
1578 2640 1624 2711 ad
1648 2657 1683 2706 e·
1744 2642 1747 2646 “

63 2737 434 2834 interpretationem,
469 2733 507 2804 in
551 2752 622 2828 qua
647 2727 854 2827 fignificat,
896 2754 961 2822 os,
987 2753 1079 2823 quos
1109 2726 1416 2816 novissimus'dies
1439 2732 1682 2826 deprehendet

53 2846 137 2941 forr
154 2840 287 2936 quinon
304 2835 511 2916 moriantur,
531 2831 855 2924 atqueobidrsoure·
892 2828 1019 2913 vivos,
1052 2827 1191 2922 spedas.
1242 2828 1286 2920 6)
1319 2828 1454 2902 Eadem
1477 2827 1584 2902 lessio
1603 2850 1694 2913 attae,¹
1816 2896 1820 2904 ,
1877 2900 1879 2907 ,

53 2943 219 3039 surgant.
269 2935 369 3004 idem
379 2929 462 3001 feeit
472 2926 586 2999 libde
602 2926 659 2999 fid.
668 2923 853 3018 resurredl.
894 2927 952 3020 gis
976 2928 1143 3020 congruit
1158 2947 1242 2996 eum
1260 2926 1339 2996 loco
1364 2949 1394 2998 t.
1418 2920 1533 3021 Thess.
1554 2929 1614 3001 IV.
1637 2943 1680 3000 ut

62 3062 142 3134 cap.
168 3059 204 3124 9.
229 3027 475 3125 Augustinus,
515 3027 681 3119 quamvis
706 3023 855 3112 alteram
895 3021 1426 3114 ostendit-collatioversrc.15.
1456 3027 1701 3113 Hocdisir'suss⁸
1816 3091 1818 3095 ,

63 3136 260 3211 leslionem
276 3128 469 3221 sequatur,
496 3144 612 3193 tamen
629 3124 665 3194 in
677 3118 795 3215 quaesl.
809 3116 854 3190 ad
895 3122 980 3190 uobis
1001 3122 1035 3188 iu
1056 3123 1149 3188 uerbo
1175 3119 1311 3189 Domini
1336 3121 1393 3207 (id
1411 3119 1596 3212 respondet
1620 3123 1677 3194 illi

62 3232 199 3307 Dulcit.
223 3224 342 3320 quaest.
359 3222 418 3292 111.
445 3219 585 3307 statuit,
611 3216 855 3291 uonomueslro·
900 3241 932 3290 1.
964 3215 1046 3287 Cot.
1079 3215 1156 3286 XV.
1174 3235 1245 3313 4ςι.
1272 3214 1461 3308 Mysterium
1481 3218 1566 3284 uobis
1582 3221 1648 3287 diso
1658 3216 1684 3308 )
1782 3222 1786 3238 ²
1813 3282 1816 3286 ,

60 3326 372 3409 miaesmorituros:
399 3318 565 3390 videlieet
579 3341 651 3389 non
675 3336 757 3397 eos,
792 3314 856 3408 qui
876 3339 953 3386 ¹rios
966 3316 1020 3408 qui
1039 3315 1175 3382 uiuimus
1195 3359 1208 3399 ,
1233 3314 1288 3406 qui
1303 3312 1415 3404 resdui
1433 3311 1551 3405 sumus
1571 3315 1604 3383 ia
1623 3317 1683 3384 ad-

64 3435 104 3504 in
118 3427 191 3499 fine
208 3421 334 3494 mundi
349 3415 494 3487 obviarn
510 3414 643 3488 Christo
660 3414 853 3507 rapientur.
896 3425 992 3486 uentu
1011 3412 1168 3495 Domini,
1194 3434 1257 3493 uon
1272 3413 1605 3502 muevmiemuseor,
1628 3409 1684 3506 qui
1761 3410 1764 3415 '

64 3535 113 3602 At
126 3531 202 3596 baec
219 3517 386 3590 sententia
400 3535 472 3583 non
490 3511 571 3585 satis
588 3509 755 3607 congruit
772 3529 856 3581 eum
897 3513 1095 3592 dormierunt
1129 3508 1188 3600 (id
1214 3504 1400 3601 respondet
1435 3509 1508 3579 illis
1534 3507 1681 3594 verbis,
1697 3588 1700 3593 ,

64 3629 178 3700 abero
201 3616 374 3692 lenione:
412 3633 517 3680 omues
543 3614 749 3681 dormiemus.
800 3606 854 3699 4)
896 3631 1077 3680 nouomrees
1095 3609 1297 3676 dormiemus.
1348 3600 1504 3676 sienim
1533 3607 1685 3697 quidam

65 3721 235 3807 Erasmus
250 3715 285 3784 in
314 3729 431 3781 annot.
450 3709 518 3780 bl.
551 3730 635 3804 pag.
657 3704 856 3804 356·ponit
897 3709 1019 3779 vivent
1033 3727 1073 3777 ac
1087 3704 1215 3776 residui
1232 3703 1381 3774 eruntin
1391 3703 1685 3776 aduentuDomi·

66 3803 160 3895 banc
175 3811 365 3909 regulam:
392 3809 523 3899 Quoties
543 3820 662 3876 ueteres
674 3808 854 3899 fatentur,
896 3807 959 3888 ni,-
985 3802 1447 3899 quinonpraevenienteos,
1473 3802 1535 3892 qui
1549 3803 1686 3872 dormi·

64 3917 227 3991 umorem
240 3905 297 4003 ese
311 3907 466 4000 diuersam
480 3952 494 3989 ,
508 3900 638 3998 semper
656 3901 731 3972 missi
743 3899 856 3995 susps·
898 3921 1022 3987 etunt,
1048 3901 1175 3992 utique
1190 3918 1262 3967 non
1283 3919 1408 3968 omnes
1429 3899 1684 3988 dormiemus)

68 4014 151 4096 βίον
171 4008 311 4106 effessius
335 4028 392 4089 eo,
417 4023 498 4097 quoe
520 4005 631 4097 primo
645 4000 750 4095 speeie
771 4000 859 4093 uide·
898 4021 935 4069 v.
951 4001 1002 4072 16.
1027 3996 1098 4090 Ipse
1112 3996 1276 4066 Dominus
1291 3996 1325 4063 irs
1338 3991 1440 4089 iussu,
1466 3999 1686 4067 inuose'arsis·

66 4131 126 4188 tur
142 4107 313 4203 absurdior
330 4151 342 4194 ‚
367 4098 651 4193 utsorfirstoreeum
663 4098 703 4194 fit
715 4094 860 4171 scisuram
900 4096 1005 4194 augeli
1018 4093 1064 4170 ἔθ’
1076 4097 1110 4164 irs
1123 4093 1200 4163 tubo
1217 4094 1284 4165 Dei
1296 4089 1453 4186 descendet
1465 4095 1503 4162 de
1515 4093 1605 4187 culo,
1638 4094 1696 4173 ss,

74 4213 128 4294 vel
140 4229 262 4305 parum
279 4204 438 4270 eruditum
452 4192 798 4292 vesparumutieusum
809 4192 860 4287 os·
901 4197 1021 4264 mortui
1040 4190 1207 4287 resurgeret
1217 4191 1317 4280 primi
1341 4187 1403 4281 (id
1415 4189 1599 4282 respondet
1612 4192 1686 4266 iilis

57 4314 191 4419 seusiam
212 4301 417 4395 absurditatis
431 4291 592 4392 imagine,
618 4289 749 4391 mutas}
757 4292 861 4385 strip·
902 4290 1022 4362 verbis
1043 4313 1073 4362 1.
1100 4288 1180 4359 Cor.
1206 4285 1284 4355 XV.
1314 4302 1369 4378 52.
1390 4292 1431 4357 In
1447 4299 1628 4375 momento,
1650 4293 1687 4359 iu

67 4427 192 4484 turam.
244 4401 345 4469 ldem
368 4397 475 4466 etiam
496 4396 592 4482 eirca
614 4395 709 4464 hunc
737 4390 860 4461 locum
901 4389 1092 4474 reuocati,
1115 4389 1150 4456 irs
1169 4384 1325 4475 uouiffimo
1347 4387 1425 4453 tubo
1447 4384 1687 4476 moriuiresur·
1760 4440 1762 4444 .

64 4495 435 4584 usuvenissevidetur.
489 4488 533 4582 ς)
554 4484 674 4565 Lsslio
709 4487 771 4561 illa
787 4505 859 4559 ma=
895 4483 1203 4587 gentiusorrupts'.)
1235 4502 1290 4576 17·
1320 4485 1445 4555 Deinde
1463 4504 1522 4577 rsus
1537 4483 1592 4573 qui
1605 4486 1689 4550 uiui·

63 4607 125 4707 gis
142 4595 311 4696 congruit
323 4584 500 4699 suestra
511 4609 640 4683 textus.
678 4592 788 4677 Este,
802 4584 857 4657 in-
896 4582 1311 4756 aasfflatrattequuur,
1321 4579 1599 4681 smolrapiemur
1613 4601 1688 4748 sup

118 4703 213 4778 Tm·
240 4692 357 4774 XIX*
635 4771 637 4775 ,
1406 4691 1411 4701 .
1583 4748 1584 4752 ,
1621 4692 1629 4719 ’
1673 4719 1688 4750 ⁰.
