4066 5468
656 239 912 368 aaronita
938 242 1107 329 1cntcn
1131 182 1359 330 narratu}
1531 298 1548 325 .
1750 262 1826 353 ω
1853 302 1866 329 ..
1999 185 2005 193 ’

190 408 415 552 pecctore}
466 417 558 495 dicio
574 425 774 520 requiritur
790 451 884 505 certa
894 453 989 527 quae·
1029 430 1243 528 pro'ratione
1261 428 1505 506 dislinclarum
1520 426 1650 503 harum
1665 414 1819 508 claifiuut

188 514 199 551 ¹
230 516 264 554 '¹⁸
290 514 406 598 norman.
466 523 547 592 dant
557 543 685 595 norma
701 546 742 597 ac
755 532 895 626 regula,
910 532 989 603 iux·
1028 528 1188 604 distinsla
1204 553 1348 627 quoque
1367 531 1434 602 erit
1454 527 1577 600 iudicii
1591 550 1728 601 norma.
1762 537 1816 606 Pii

191 643 224 695 ta
246 643 362 718 quam
384 617 599 723 absolutoria
616 621 675 692 vel
700 627 988 699 condemnatoria
1027 628 1279 701 iudicabuntur
1294 651 1341 701 ex
1360 629 1541 724 evangelio,
1566 616 1761 720 speciasiier
1780 638 1813 703 δι

163 722 364 795 ¹sententia
387 719 532 805 seratur.
584 720 648 789 llla
667 724 703 789 in
732 722 914 795 nocisstmo
937 729 989 797 iu·
1027 728 1173 821 proprie
1189 729 1232 818 sic
1248 726 1373 812 dicio,
1417 726 1521 820 impii
1545 724 1676 822 exlege
1702 749 1818 821 pere·

193 821 288 893 dicio
307 819 403 890 erit:
447 823 585 902 1)non
604 819 763 890 humanat
783 826 988 892 rationisar·
1028 826 1319 919 vangeliilucem
1339 822 1559 910 collustrata,
1597 824 1633 894 id
1651 827 1747 915 quod
1767 824 1816 899 se·

192 921 356 999 bircium,
381 915 482 985 iuxta
500 919 596 1004 quod
614 917 763 1007 quidam
786 941 830 989 ex
846 920 988 1014 pontifi·
1029 919 1449 1015 quenti'cotnprobatum
1475 930 1507 991 δι
1533 920 1728 1015 exposttum
1755 925 1815 995 da·

193 1017 258 1091 ciis
279 1022 316 1085 δι
340 1011 558 1083 calvinianis
575 1010 727 1087 saniores
749 1018 902 1112 gentilis
918 1017 987 1088 lide
1028 1039 1109 1089 mus
1139 1021 1286 1092 ratione.
1346 1019 1523 1089 Sententia
1552 1019 1587 1088 in
1626 1019 1815 1094 universali
1940 1020 1946 1029 “

186 1114 231 1186 in
245 1110 426 1184 Christum
453 1107 633 1181 destitutos
657 1113 701 1182 ad
724 1116 885 1185 dextram
904 1135 988 1208 curn
1027 1117 1089 1186 isso
1107 1116 1239 1188 iudicio
1257 1116 1519 1210 promulganda
1540 1114 1630 1186 nihil
1651 1115 1747 1188 aliud
1769 1117 1817 1189 est

195 1210 326 1283 ovibus
359 1208 611 1293 collocandos,
643 1218 676 1280 dc
700 1214 743 1283 ael
772 1211 989 1285 consortium
1025 1234 1138 1306 quant
1152 1214 1364 1310 manifestatio
1384 1215 1497 1282 decreti
1515 1214 1558 1283 de
1577 1211 1685 1284 salute
1703 1211 1817 1287 finali·

193 1310 300 1404 regni
316 1301 462 1376 ccelesiis
483 1306 664 1376 vocandos
684 1308 757 1393 nesle
781 1308 989 1405 praepostere
1029 1330 1084 1381 ter
1111 1314 1334 1384 credentium
1357 1319 1390 1384 δι
1421 1308 1645 1382 damnatione
1666 1309 1820 1385 finaliter

192 1406 358 1477 statuunt.
410 1403 455 1492 2)
488 1402 756 1499 Necobfitltttum
779 1409 985 1480 Castriciano·
1029 1408 1333 1502 impoenitentium
1354 1417 1387 1481 &
1413 1408 1681 1479 incredulorum
1703 1408 1746 1479 ab
1773 1400 1850 1479 ae·¹
1928 1430 1931 1436 ·

193 1528 268 1591 rtem
288 1510 471 1586 decretum,
511 1523 583 1593 quo
608 1503 764 1576 absoluta
785 1507 855 1576 Dei
873 1505 989 1600 gratia
1028 1524 1128 1575 terno
1145 1506 1252 1589 iasii,
1290 1508 1448 1598 itemque
1467 1504 1642 1575 sententie
1658 1505 1696 1575 in
1711 1507 1817 1577 mini·
1936 1556 1938 1560 -

194 1598 325 1677 eleiios
341 1603 384 1670 ad
406 1600 590 1686 dextram,
619 1600 775 1676 absoluto
797 1626 883 1673 vero
905 1603 987 1673 odio
1028 1600 1130 1674 sterio
1155 1603 1257 1675 verbi
1277 1606 1319 1674 de
1345 1601 1450 1674 salute
1470 1602 1817 1675 &condemnatione
1906 1604 1909 1608 ’

193 1699 412 1795 reprobatae
435 1697 479 1768 ad
508 1696 675 1780 finistram
704 1702 889 1774 collocant.
941 1700 992 1794 3)
1029 1697 1249 1797 singulorum
1269 1703 1458 1773 hominum
1472 1700 1545 1772 iam
1561 1719 1641 1770 ante
1661 1722 1817 1792 pronun·

193 1791 483 1894 Necpontficittm
504 1797 601 1885 ionae
621 1800 867 1873 intentionis&
896 1803 989 1868 meri·
1031 1799 1138 1874 ciatae.
1188 1799 1364 1869 lamvero
1389 1795 1531 1868 testatur
1557 1817 1629 1869 tota
1648 1796 1817 1891 scriptura

194 1894 537 1965 toremltttmattorum
560 1911 791 1983 commentum,
838 1894 990 1991 questa·
1031 1892 1125 1965 sacra
1164 1896 1345 1965 decretum
1374 1893 1555 1966 electionis
1587 1893 1720 1964 fesium
1752 1890 1816 1965 esse

195 2013 303 2064 tuunt
321 1992 457 2084 quevis
482 2012 589 2084 opera
610 1993 703 2077 buna
726 1992 990 2086 intentionefa·
1031 1991 1161 2064 intuitu
1184 1989 1293 2080 fidei,
1340 1988 1516 2063 Christum
1547 1990 1817 2076 Medietatem,

196 2090 274 2177 sia,
300 2091 384 2159 licet
399 2088 507 2158 verbo
525 2091 646 2161 divino
663 2094 812 2163 minime
830 2090 990 2184 fintprae·
1032 2092 1094 2181 qui
1110 2112 1175 2183 pro
1203 2091 1355 2182 peccatis
1380 2085 1505 2159 nostris
1528 2085 1692 2160 satisfecit
1714 2097 1747 2160 dt
1766 2087 1815 2160 sa·
1860 2130 1863 2136 ·

196 2206 319 2284 cepta,
345 2184 421 2255 Deo
446 2197 602 2280 grata&
626 2184 989 2279 vita—aternae'com·
1029 2188 1141 2258 lucem
1166 2187 1268 2257 nobis
1291 2186 1516 2281 promeruit,
1555 2187 1821 2278 adprehenden·
1864 2198 1879 2217 ³

196 2284 401 2383 pensatione
433 2304 478 2352 ex
512 2287 641 2356 merito
672 2283 736 2357 esse
767 2290 886 2382 digna.
937 2289 990 2378 4)
1030 2286 1100 2375 tis,
1128 2278 1819 2374 decreruntver'oreprobationiefalluru

196 2386 267 2455 Sed
284 2385 389 2453 unice
408 2387 440 2452 u
464 2382 501 2448 in
520 2382 674 2455 solidum
700 2384 817 2478 Cstriflt'
839 2388 989 2475 verbum,
1031 2378 1095 2453 esse
1123 2383 1253 2453 intuitu
1283 2381 1398 2470 finalis
1428 2379 1691 2473 impoenitentiae
1709 2387 1742 2451 dc
1767 2381 1820 2465 in·

195 2482 273 2553 loh.
294 2474 470 2569 xiim.
509 2478 695 2551 Hebr.lV.
726 2506 781 2557 η.
817 2484 876 2554 vcl
894 2486 990 2575 quod
1032 2480 1275 2565 credulitatis,
1310 2501 1418 2572 quant
1453 2478 1512 2548 lex
1543 2478 1823 2572 evangeliilttce

167 2574 170 2579 ’
195 2580 296 2652 idem
314 2575 361 2649 esl
375 2578 594 2671 euangelium,
629 2581 730 2649 Rom.
746 2582 789 2651 ll.
808 2584 863 2657 16·
898 2579 991 2663 cum
1032 2576 1229 2648 collustrata
1254 2578 1372 2673 arguit
1395 2576 1429 2648 a
1451 2576 1605 2647 damnat.
1657 2572 1822 2655 Testatur

195 2700 284 2749 vero
301 2675 479 2768 evangelii
503 2696 576 2746 vox
598 2679 815 2772 quandoque
840 2680 991 2771 accipin·
1032 2677 1156 2745 eadem
1172 2670 1360 2767 scriptura,
1385 2674 1464 2766 pios
1482 2695 1553 2741 non
1578 2671 1687 2743 verbo
1704 2675 1818 2766 legis,

196 2780 257 2846 t'ur
285 2798 422 2867 ptttttwc
452 2775 713 2869 ac'gcntrnlt'tcr
740 2799 803 2868 pro
833 2798 905 2847 toto
929 2778 991 2844 tle·
1033 2768 1818 2865 quiolcxnoncfiexfidc‚Gal.lll.12.sed
1857 2810 1861 2816 ·
1960 2778 1969 2790 “

197 2870 322 2944 tinne
344 2868 488 2940 coesestis
514 2892 535 2940 a
560 2870 719 2957 Cluilio,
757 2876 940 2968 prophetis
959 2880 991 2944 δι
1034 2868 1145 2938 verbo
1175 2869 1354 2964 evangelii
1384 2882 1530 2961 propter
1551 2864 1732 2944 Christum
1754 2865 1824 2937 fide

200 2968 368 3063 apostolis
387 2968 581 3060 predicante
605 2967 804 3062 systemate,
830 2969 990 3063 quando·
1033 2963 1325 3058 adprehensuma
1349 2967 1502 3059 peccatis
1525 2959 1622 3034 fuisse
1646 2963 1824 3036 absolutos
1858 3011 1860 3015 -

199 3090 272 3162 que
301 3084 387 3135 vero
418 3057 549 3149 tricator
575 3088 616 3136 ac
633 3067 816 3159 spetialiter
839 3089 905 3160 pro
929 3068 989 3136 do·
1031 3062 1191 3135 aciuslos
1208 3065 1487 3155 pronuncial0s3
1517 3063 1645 3153 impios
1672 3084 1716 3131 ex
1742 3059 1846 3153 lege

200 3165 317 3236 &rina
336 3164 379 3231 de
400 3164 554 3256 gratuita
574 3185 802 3257 peccatorum
827 3164 991 3237 remiffio-
1032 3172 1174 3254 peccata
1194 3179 1366 3251 arguente
1390 3165 1423 3229 δι
1444 3156 1626 3227 adcusante
1647 3155 1745 3227 fuisse
1768 3158 1826 3228 da·
1910 3196 1918 3215 »
1976 3192 1980 3200 ·

200 3284 247 3335 ne
269 3278 417 3356 propter
445 3256 620 3332 Christum
655 3262 881 3334 credentibus
913 3281 993 3354 pro·
1034 3277 1185 3339 mnatos.
1237 3258 1332 3353 Ergo
1353 3256 1461 3327 etiarn
1475 3256 1525 3348 pii
1543 3253 1652 3323 verbo
1671 3275 1825 3351 evange·

200 3356 302 3430 missa
324 3366 356 3427 δι
378 3354 518 3443 oblata,
562 3360 641 3427 ideo
659 3357 774 3429 statim
800 3359 992 3455 quaeritur,
1034 3357 1108 3426 liia
1131 3355 1283 3446 peccatis
1308 3352 1457 3425 absoluti
1484 3353 1519 3420 in
1546 3350 1602 3420 die
1627 3351 1750 3419 iudicii
1769 3353 1826 3419 de-

200 3477 249 3527 an
268 3460 307 3526 in
324 3455 463 3546 priore,
498 3476 542 3524 an
565 3478 650 3525 veto
680 3459 716 3526 in
739 3456 931 3549 posteriore
957 3453 994 3524 st·
1026 3451 1263 3529 „clarabuntur
1282 3473 1323 3522 ac
1343 3447 1676 3531 manifestabuntur,
1706 3466 1827 3517 contra
1869 3460 1884 3473 ⁸

201 3553 377 3653 gnificatu
391 3553 621 3645 evangelium
638 3554 857 3647 accipiatur,
884 3573 994 3646 quan·
1036 3573 1121 3621 veto
1140 3550 1244 3639 impii
1263 3570 1308 3619 ex
1329 3550 1410 3643 lege
1432 3568 1495 3639 pet
1509 3545 1738 3640 evangelium
1759 3544 1845 3614 col·-

204 3659 251 3726 do
274 3668 402 3721 norme
419 3648 543 3718 iudicii
569 3648 759 3721 statuitur?
799 3650 1017 3743 Responde.
1036 3645 1178 3724 lustrata
1189 3646 1225 3715 in
1237 3647 1293 3715 die
1307 3643 1430 3725 iudicii
1447 3644 1603 3714 damnati
1617 3643 1830 3736 pronuncia·

203 3771 291 3824 mus
307 3762 428 3818 autem
449 3745 563 3841 accipi
580 3748 615 3817 in
632 3745 886 3841 fignificatione
902 3746 998 3840 prio·
1039 3737 1831 3833 bunturacmanifestabuntur.ldipsumcolli·
1850 3820 1854 3829 .

204 3871 266 3931 re,
293 3849 342 3917 ita
367 3862 406 3914 ut
431 3845 562 3912 verbum
583 3843 703 3937 Ciristt'
739 3846 813 3916 lost.
832 3840 919 3920 Xll.
940 3852 1000 3937 48.
1042 3841 1139 3937 gitur
1153 3836 1830 3935 exsententiaepromulgationeutrique

206 3947 352 4016 denotet
379 3958 490 4010 totam
532 3940 731 4013 doiirinam
770 3936 921 4026 Christi,
960 3963 1001 4012 ac
1027 3932 1832 4030 'partiferendae.Piisaddextramconsiitutie

206 4066 273 4113 uox
292 4038 447 4134 evangelii
474 4040 578 4109 Rom.
596 4041 638 4107 ll.
662 4048 717 4110 16·
745 4042 856 4110 totam
874 4036 1001 4110 doilti·
1044 4033 1199 4105 Christus
1230 4035 1349 4104 dicet:
1391 4036 1544 4117 Venire..
1571 4032 1682 4123 Atqui
1705 4050 1777 4099 vox
1797 4051 1834 4098 e·
1932 4040 1935 4049 '

205 4160 294 4212 nam
316 4137 448 4220 Pauli,
490 4135 535 4206 ab'
559 4136 631 4231 ipso
657 4137 883 4231 praedicatam
913 4136 1003 4208 &in
1046 4132 1205 4223 vangelii
1231 4128 1277 4200 est
1308 4132 1421 4201 amica
1442 4138 1475 4201 &
1503 4129 1630 4218 blanda
1654 4130 1715 4199 illa
1740 4148 1833 4211 vox,

206 4236 400 4330 scripturas
433 4232 625 4304 redaciam.
680 4233 772 4305 Cum
801 4236 895 4304 enirn
926 4235 1002 4302 duae
1045 4248 1234 4322 perquam
1255 4225 1409 4297 Christus
1430 4228 1559 4297 tamin
1582 4226 1647 4296 hac
1665 4228 1739 4296 vita
1759 4243 1836 4294 tum

182 4335 403 4417 ,hominum
428 4326 544 4400 classes
571 4353 691 4402 coram
712 4333 843 4409 iudicio
861 4349 1000 4420 compa·
1045 4328 1083 4398 in
1105 4327 1161 4397 die
1188 4324 1311 4395 iudicii
1344 4347 1408 4394 nos
1434 4323 1478 4394 ad
1508 4322 1539 4392 se
1571 4345 1699 4395 vocat:
1735 4324 1839 4393 venire

203 4436 332 4509 riturae
355 4429 442 4512 stnt,
469 4447 627 4519 quatum
649 4451 721 4500 una
743 4428 941 4498 absolvetur
971 4433 1004 4496 δι
1045 4419 1204 4492 lenediiii.
1255 4421 1368 4515 Atqui
1382 4416 1617 4516 post-lapsum
1638 4417 1837 4492 benedidio

205 4527 369 4627 praemiis
397 4523 608 4614 ornabitur,
633 4528 741 4596 altera
765 4546 852 4593 vero
876 4526 1004 4598 conde·
1046 4519 1163 4608 nones?
1179 4544 1218 4588 ex
1239 4520 1305 4616 lege
1322 4520 1368 4593 ἔθ’
1384 4543 1424 4588 ex
1440 4520 1583 4611 operibus
1597 4518 1694 4613 segis,
1720 4516 1775 4587 sed
1792 4535 1864 4599 ex·
1902 4574 1904 4578 .

208 4626 396 4703 mnabitut
410 4633 452 4694 ἃ
475 4618 656 4718 suppliciis
676 4622 890 4707 adficietur,
924 4621 1005 4694 ideo
1050 4618 1240 4712 evangelio
1259 4624 1292 4690 de
1311 4640 1356 4690 ex
1371 4616 1452 4713 sicle.
1480 4614 1559 4689 Gal.
1577 4613 1687 4706 111.9’.
1713 4610 1778 4708 Qui
1799 4635 1840 4681 ex

255 4727 356 4796 ,aaut
382 4723 493 4794 xta.
532 4726 537 4732 ·
1148 4712 1220 4786 tr
1792 4704 1838 4798 fi·
1944 4800 1949 4809 ,
