4066 5468
324 338 328 351 ι
460 197 463 204 ’
568 174 1560 351 noctemn'nenmemo1vmcm.ss
1703 180 1893 341 ψ(-

184 408 490 495 ltitm'omsxv.
512 437 595 514 qlloe
615 417 664 493 est
677 421 714 493 in
730 419 878 518 plagam
887 439 997 519 gran.
1035 366 1367 515 limeupuffinp
1393 363 1850 519 Qut-dimergmbws
1999 444 2003 451 ι

187 516 309 592 divise
335 519 426 612 Quid
433 519 598 613 sociemus
610 521 646 591 in
663 523 716 592 dic
730 523 858 592 divinoe
877 524 924 617 ad
939 544 997 609 nos
1036 545 1107 594 sum
1130 523 1166 593 in
1187 526 1330 593 medium
1357 545 1465 592 coram
1484 517 1614 592 'mundo
1637 522 1753 596 condio
1762 544 1845 615 pro·
1964 508 1966 514 ’
1987 543 2003 549 ·

185 613 475 711 enpoyieletionic,
494 641 631 690 cunnos
646 631 822 717 coarguet,
847 631 946 716 atque
959 642 1000 692 csc
1038 634 1189 707 meretvr,
1212 614 1394 693 ice‘tbeetro
1407 631 1477 692 tone
1500 621 1587 693 clero
1603 617 1651 695 89
1665 620 1781 715 illustri
1796 616 1845 694 δ’

184 714 1002 813 udversuslobit,peccatanostro,boccss,aecsbocat·
1040 721 1132 793 nobis
1146 720 1229 791 notis
1248 717 1301 795 ’δῖ
1314 721 1485 821 incognitis
1501 720 1610 792 omnio
1621 717 1847 815 spedanribue

186 835 249 909 qu
266 816 487 888 amarulentus
504 818 710 910 adeusetores
728 821 816 889 nobis
835 819 1002 916 infaciem
1043 818 1118 895 &m
1167 821 1202 888 bi
1215 820 1300 891 mille
1320 822 1441 891 dixeris
1452 818 1638 919 gebennas,
1666 820 1746 891 nibil
1763 818 1849 891 illius

188 892 924 1013 soluensmcceptaquebenesieiueumiis,qvae
939 919 1002 992 cns,
1038 921 1197 1012 perdices
1210 920 1352 1007 doloris,
1378 916 1848 1016 quemsustc'netunima,dum
1960 918 1973 941 ³

183 1015 1003 1114 queadmisimusmxadversoconsirens,&cogiee·
1042 1030 1130 1091 totus
1152 1032 1319 1089 utrorum
1338 1022 1423 1090 orbis
1450 1018 1671 1106 convolvitur,
1705 1018 1846 1099 caventi.-

145 1210 149 1214 λ
185 1117 275 1186 tione
284 1118 508 1214 cogitationem
517 1116 766 1204 verberam&
773 1115 1002 1190 allioneodlio·
1040 1120 1100 1190 bus
1119 1119 1232 1205 tubis,
1267 1120 1389 1217 angelis
1405 1119 1689 1213 praecurrentibus
1707 1120 1850 1215 prinis,

188 1237 263 1287 ncen
272 1216 482 1301 examinans,
495 1215 542 1288 87
549 1218 700 1312 imaginis
711 1217 788 1287 eicio
799 1218 1002 1288 contemina·
1040 1230 1111 1290 tum
1124 1217 1297 1314 secundis,
1323 1242 1401 1289 mox
1412 1217 1538 1306 tertiis,
1563 1220 1690 1288 demum
1701 1220 1846 1291 innume·

189 1312 1000 1412 tcvtqucconfusoedignitotemanobisexposceree,
1033 1319 1090 1390 'sir
1106 1319 1272 1389 ordinibus
1290 1319 1325 1387 in
1343 1329 1466 1407 terrane
1472 1323 1511 1412 sc
1519 1314 1736 1413 fundentibus
1751 1365 1763 1406 ,
1795 1321 1848 1387 in·
1962 1320 1965 1327 '

178 1414 347 1513 postremo
367 1414 424 1484 nos
448 1416 581 1485 obducet
599 1439 621 1483 a
636 1418 864 1512 nobismetipsis
884 1421 998 1487 conde·
1029 1417 1263 1513 superantem
1285 1413 1332 1493 it*
1347 1415 1530 1504 cbcrubim,
1555 1417 1659 1491 nebda
1677 1414 1850 1510 verosccnt

190 1524 347 1599 nenetos,
370 1514 681 1608 busqueaddudios,
707 1528 743 1584 ut
757 1539 795 1584 ne
816 1518 850 1584 id
872 1516 999 1612 quidesse
1038 1516 1113 1590 baec
1133 1514 1180 1593 δ’
1196 1512 1353 1612 infinita,
1381 1514 1601 1611 &seraphim
1626 1518 1661 1588 in
1676 1517 1741 1599 ,scta
1764 1516 1849 1611 ines·

192 1618 296 1686 dicere
317 1635 491 1708 mamus,
515 1638 573 1686 nos
588 1616 694 1709 inique
699 1613 862 1710 supplicio
871 1613 969 1708 adfici
986 1661 999 1709 ,
1027 1618 1129 1715 sobili
1146 1616 1256 1715 gloria
1270 1613 1336 1711 ipss
1358 1617 1501 1688 veniente
1524 1619 1759 1687 occurrentibus
1776 1617 1848 1705 bis,

192 1719 280 1812 quod
294 1716 420 1807 quidem
437 1713 490 1784 leis
509 1718 598 1807 apud
614 1738 697 1801 eos,
741 1716 796 1811 qui
806 1736 928 1810 poenas
947 1713 997 1784 ise·
1039 1718 1094 1813 qui
1110 1714 1310 1791 uenerint&
1318 1718 1353 1787 in
1371 1716 1512 1809 medium
1532 1713 1640 1789 elciios
1653 1729 1757 1815 agant
1770 1713 1847 1791 &cc

190 1828 276 1902 unt,
302 1834 533 1909 monunqunm
552 1813 631 1883 banc
656 1816 724 1884 vim
744 1813 860 1900 babet,
898 1822 1000 1886 uteo·
1040 1814 1299 1889 HomiLXXlI.
1311 1813 1357 1889 ad
1368 1815 1494 1910 popul.
1551 1814 1639 1889 Vide
1664 1839 1730 1888 non
1752 1817 1850 1888 indu·

192 1938 271 1985 rum
296 1914 587 1985 condemnationem
607 1910 654 1987 ij
682 1915 860 1993 cruciatum
888 1910 998 1986 leniat.
1040 1926 1108 1986 tum
1119 1913 1199 2009 veste
1211 1913 1351 2008 nuptiali
1359 1936 1400 1985 cx
1404 1912 1549 2010 sponsali
1558 1918 1648 1986 dono
1665 1913 1853 2011 expulsum,
1926 1984 1931 1989 .

196 2011 395 2103 lttceaoeen
409 2013 483 2109 quis
507 2011 698 2108 petronus?
728 2034 811 2108 quae
840 2010 1001 2111 euussco·
1040 2013 1088 2088 θ’
1108 2014 1265 2085 neminem
1275 2036 1341 2107 pro
1362 2012 1433 2108 ipso
1453 2016 1705 2099 intercedentem.
1758 2014 1848 2091 Vide

195 2111 271 2188 tio?
294 2112 474 2209 quoefulso
489 2107 653 2209 defenso?
683 2116 769 2208 quod
793 2110 1020 2206 artificiosum
1041 2112 1197 2185 talentum
1219 2112 1381 2185 babenteen
1405 2115 1559 2186 creditisne
1588 2111 1636 2189 Et?
1660 2137 1725 2185 nore
1751 2136 1850 2212 nego·

195 2216 368 2287 verborum
388 2209 606 2284 lenocinium?
634 2235 716 2306 puae
737 2210 852 2310 conslii
862 2209 1002 2307 sceleriio
1043 2215 1203 2298 tiantem,
1229 2208 1277 2287 θ’
1291 2216 1445 2308 quomado
1461 2237 1524 2307 pro
1547 2212 1601 2285 illo
1618 2215 1849 2300 interceditur·
1999 2245 2002 2249 ·

194 2312 435 2388 crnomtcttuc
460 2310 753 2404 circumscribetur
779 2309 1002 2411 redumjudi·
1043 2335 1106 2387 neo.
1155 2310 1286 2407 Respice
1299 2313 1376 2385 milei
1390 2308 1848 2411 quinquevirginesexclufier,
1897 2324 1932 2413 J

194 2418 282 2485 cium
300 2409 433 2507 eludet?
457 2416 543 2510 quod
561 2412 669 2483 omuia
684 2410 1001 2500 omnibusinsiotcra
1043 2412 1091 2490 δ’
1113 2414 1261 2510 aequales
1275 2436 1357 2507 pro„
1372 2413 1447 2513 ipfis
1471 2437 1536 2485 non
1561 2417 1749 2509 deprecatae
1772 2408 1848 2488 &m

193 2515 358 2599 collocet,
386 2510 543 2586 ebonem
554 2560 567 2604 ,
600 2512 801 2604 sermonem,
829 2512 1002 2610 *cogitatio-
1041 2512 1148 2608 Epist.
1163 2513 1211 2586 V.
1233 2512 1278 2585 ad
1291 2512 1528 2588 Theodorum
1543 2510 1682 2608 lapsum
1698 2531 1785 2585 tom.
1803 2510 1850 2584 ll.

193 2637 292 2703 nem,
316 2612 515 2709 virtutesque
527 2634 600 2682 eum
618 2614 705 2683 vitiis
732 2633 773 2682 ex
792 2609 923 2705 adverse
949 2624 1002 2682 cn·
1046 2615 1140 2700 Tunc
1152 2615 1341 2707 aperientur
1349 2635 1458 2685 omnes
1473 2610 1850 2709 eaelpliumsusiigiorene
1963 2692 1979 2703 „

191 2715 332 2812 pendit,
368 2724 407 2783 eet
421 2715 508 2806 qued
524 2714 699 2807 propendet
720 2761 732 2798 ,
762 2710 931 2783 vitiorium
950 2710 1003 2780 ob·
1038 2726 1181 2807 portae,
1204 2714 1400 2784 tunranima
1412 2709 1551 2808 stupore
1570 2712 1716 2808 conserto
1732 2704 1850 2786 erit&

197 2816 302 2885 cincus
319 2808 392 2885 &n
422 2809 689 2907 chrysostomus
705 2807 1003 2909 homil.XLll.ln
1045 2811 1179 2885 borrorc
1195 2809 1241 2887 &
1260 2823 1359 2885 metm
1410 2811 1502 2884 ,Turn
1522 2813 1622 2884 etium
1648 2809 1779 2911 angelos
1799 2810 1851 2880 in·
1966 2838 1969 2842 ·

196 2908 326 2985 Genus.
344 2911 382 2983 in
401 2912 516 3004 princ.
545 2910 678 3004 Quoties
688 2935 747 2982 nos
757 2908 894 3006 adsedlio
911 2929 1006 3001 qvae·
1044 2934 1125 3011 gens
1146 2923 1249 2982 metus
1267 2911 1453 3004 occupabit,
1472 2922 1649 3006 propterea
1668 2913 1754 3007 quod
1774 2932 1849 2982 eon·
1868 2930 1873 2934 ·

191 3013 286 3113 piem
304 3011 497 3104 perturbat,
513 3011 549 3110 s
559 3009 705 3080 volumus
719 3010 780 3103 pia
799 3004 1010 3105 religioseque
1039 3010 1131 3108 servi
1160 3010 1313 3080 iudicium
1330 3009 1471 3104 subituri
1484 3009 1568 3104 sunt
1593 3016 1632 3083 dc
1656 3008 1792 3105 perolio
1815 3011 1852 3083 in
1908 3101 1910 3105 y

196 3126 304 3184 mente
318 3112 625 3206 regitareiudieium
644 3112 705 3180 diei
730 3110 814 3180 illius
834 3106 1007 3194 terribilis,
1048 3112 1166 3182 mundo
1182 3111 1249 3179 vitu
1263 3106 1339 3184 &c
1388 3107 1730 3183 Hemitxxxvm.
1748 3111 1785 3180 in
1796 3109 1851 3179 le·

196 3209 249 3289 δ’
262 3211 383 3283 nonad
398 3210 596 3303 praesentem
618 3209 815 3305 voluptatem
834 3203 1006 3302 spessime,
1046 3212 1130 3281 ham.
1181 3207 1261 3280 Non
1279 3205 1485 3305 inpraesenti
1499 3211 1568 3280 vito
1587 3205 1672 3302 finis
1691 3202 1851 3302 nobises,

190 3311 252 3411 scd
267 3315 311 3381 ud
335 3311 525 3394 melotus,
569 3333 649 3407 quos
667 3319 806 3405 propter
823 3304 1022 3400 illamfcre··
1044 3305 1250 3402 sormidolvso
1271 3308 1387 3378 iudicio
1406 3309 1569 3379 aderimus
1583 3305 1659 3382 &n
1708 3309 1781 3405 Hoc
1799 3308 1853 3381 in·

197 3434 291 3505 mue,
314 3406 430 3504 statim
451 3412 491 3479 eb
509 3413 620 3480 anima
641 3407 749 3506 nostro
769 3406 881 3504 reslict
904 3427 940 3475 nc
959 3426 1008 3474 re·
1047 3409 1166 3479 dicium
1186 3405 1311 3501 semper
1328 3427 1413 3503 pree
1439 3406 1536 3480 oeulis
1567 3406 1765 3493 babeamus,
1801 3408 1854 3478 itu

197 3512 330 3583 volabit.
390 3504 528 3585 Homii.
547 3508 592 3581 V.
616 3511 653 3580 in
672 3505 810 3603 epistol.
827 3509 933 3580 Rom.
946 3502 1007 3576 111.
1039 3505 1169 3603 semper
1186 3507 1303 3577 virtuti
1320 3529 1436 3578 vocare
1456 3507 1647 3601 poterimus.
1695 3504 1853 3603 Nomsc·
1993 3576 1997 3583 ,

199 3619 235 3686 bc
250 3606 407 3681 XLVIII.
423 3609 468 3679 ed
486 3608 609 3702 popul.
632 3610 798 3680 Antiooh.
853 3603 1007 3675 Tremen·
1047 3618 1086 3678 ut
1109 3608 1165 3702 qui
1184 3608 1246 3677 dici
1263 3604 1348 3677 illius
1368 3603 1580 3700 obliviscitur,
1613 3605 1850 3703 tanquumstc·

198 3716 278 3783 dum
292 3709 371 3779 illud
378 3704 592 3802 subsellium,
625 3707 819 3778 horrendum
839 3704 1005 3790 tribunal,
1046 3698 1219 3779 no'obicdo
1244 3707 1278 3775 in
1295 3707 1523 3801 praecipitium
1535 3706 1676 3803 sertur,
1702 3709 1860 3804 itaqueu,

198 3808 587 3901 tremoreplenaiuiicia,
614 3808 703 3905 ignis·
704 3807 863 3902 funditur
860 3805 1006 3901 fluvius,
1046 3808 1216 3877 continuus
1236 3803 1284 3876 leic
1299 3805 1439 3902 percellet
1456 3809 1578 3894 timor,
1611 3805 1744 3897 modeste
1762 3807 1853 3877 viune
1879 3864 1882 3871 .

173 3914 311 4010 ,frater
326 3930 390 3979 non
412 3909 560 3992 redimit,
594 3910 728 3978 redimet
744 3902 864 3975 bomo?
887 3905 1006 3974 Recor·
1046 3908 1172 3976 vivendi
1193 3907 1388 4003 ingreditur.
1449 3903 1599 3977 Basilius
1614 3902 1855 3978 -Seleucienfie

199 4017 281 4084 darc
290 4008 475 4106 squidem,
500 4027 582 4103 quae
600 4009 752 4076 dicuntur
767 4006 804 4076 iu
819 4002 1006 4101 evangelio,
1048 4006 1086 4078 in
1103 4024 1190 4076 orae.
1205 3999 1576 4099 detransfig.Christic
1602 4003 1636 4073 Se
1648 4005 1851 4098 repentinam

198 4107 518 4184 circumcurrentium
533 4106 747 4204 angelorum,
763 4102 923 4199 sponsalis
938 4097 1009 4172 eta·
1048 4127 1114 4175 non
1124 4101 1269 4199 serimus
1279 4102 1430 4200 fulguris
1450 4098 1723 4196 coruscationem,
1740 4102 1802 4196 sed
1814 4124 1853 4199 eu
1989 4169 1993 4175 .

199 4211 280 4283 lanei
297 4206 412 4306 claust,
441 4203 669 4301 exstinbiarum
687 4205 896 4297 lampadum,
919 4210 1009 4293 potc-
1049 4227 1141 4296 cum,
1164 4203 1220 4297 qvi
1230 4204 1366 4287 cernit,
1412 4203 1447 4269 in
1462 4200 1595 4272 iuncum
1608 4200 1707 4298 saepe
1725 4202 1851 4293 deiicit',

182 4310 321 4419 ‘satum
342 4309 376 4377 in
390 4304 545 4401 soreeaees
560 4298 806 4375 detrahentium.
855 4303 908 4393 Et
932 4299 1010 4369 illud
1047 4305 1127 4401 vquid
1147 4303 1265 4372 dixerit
1283 4299 1463 4395 quispiam,
1496 4294 1688 4373 exorientem
1711 4325 1783 4373 eum
1805 4302 1855 4374 vi·
1949 4296 1954 4306 ’

195 4407 325 4509 penso,
359 4409 443 4501 quod
455 4408 483 4499 s
502 4408 592 4474 cuius
609 4429 649 4475 ex
665 4406 753 4474 nobis
763 4400 896 4499 solium
910 4398 1013 4469 occul·
1054 4407 1152 4491 dens,
1177 4401 1232 4498 qvi
1237 4396 1428 4499 fulgeret?
1451 4406 1560 4497 uundo
1585 4401 1709 4481 sonitus
1728 4403 1822 4471 tuba·
1955 4402 1961 4411 ’

201 4527 277 4586 tune
293 4512 328 4577 in
342 4506 480 4576 medium
504 4504 593 4574 bodie
621 4501 808 4595 coromsolo
821 4504 1022 4596 producere.
1052 4524 1125 4572 ruen
1149 4503 1307 4571 vocabunt
1326 4510 1470 4571 mortuus
1491 4524 1508 4571 e
1519 4499 1699 4596 sepulcris,
1725 4501 1854 4594 quondo

204 4627 267 4686 tur
281 4606 422 4702 ecclesa,
444 4608 674 4700 quonoconon
684 4604 793 4697 perire
810 4600 857 4677 ἔθ’
872 4601 926 4693 sbi
949 4609 1012 4667 ter·
1053 4612 1245 4694 rumperetur
1264 4599 1376 4696 capsae
1394 4613 1668 4673 monumentorum
1687 4597 1809 4671 vindos
1824 4618 1857 4667 c·
1946 4602 1957 4667 ’ζ
2028 4642 2031 4647 -

203 4733 282 4785 ram
298 4706 411 4799 be'siere
423 4714 617 4798 precaretur
635 4705 750 4798 potius
767 4723 867 4799 quom
886 4709 1015 4769 totme·
1054 4702 1214 4797 mitccntee
1224 4750 1239 4787 ,
1276 4702 1406 4799 qando
1429 4700 1660 4773 tecceatencur
1687 4694 1873 4796 proposse.

175 4886 181 4895 ,
264 4807 362 4881 Yon.
388 4798 499 4880 XIX.
726 4880 728 4884 ,
776 4886 781 4897 ⁶
1154 4798 1222 4873 Re·
1278 4840 1283 4849 ·
1650 4882 1658 4889 .
1757 4792 1859 4896 seda
