4066 5468
250 217 256 269 ³
373 246 422 327 ac
589 322 600 351 ‚
680 188 683 193 ’
904 228 1192 308 toovsxxtt
1244 227 1343 307 cte.
1370 229 1416 307 ν.
1489 314 1494 329 ,

378 417 491 493 solute
510 370 726 512 pronunciat
738 409 940 508 apostolus,
968 410 1160 503 quodcrcc·
1202 413 1255 483 nic
1269 361 1304 480 e'n
1319 410 1497 481 libertatem
1510 360 1885 509 gloriaestliocem-Dcn
1918 409 1989 485 hoc

379 519 489 589 turci
537 512 663 608 emisem
682 512 730 587 ξφ
746 511 944 601 parturiat,
983 508 1040 581 led
1062 509 1162 603 quod
1204 508 1278 593 eli,
1304 509 1412 580 anxia
1431 508 1668 580 ill'acreaturae
1688 505 1988 602 exspelletionon

377 540 566 710 muserdde
579 631 620 683 ae
642 602 912 706 anelontem
924 605 1164 703 ingemiscrtae
1203 603 1430 679 frustrabitur
1452 602 1514 678 luo
1530 625 1686 689 eventu,
1720 605 1807 698 quia
1820 622 1988 677 creature

374 710 649 811 fimulpmturr'm
667 756 679 792 ,
705 707 869 799 velquod
887 724 1055 776 creature
1070 706 1163 774 inter
1203 726 1224 775 a
1241 704 1383 776 servitio
1398 702 1484 787 illo,
1515 724 1586 798 quo
1605 703 1804 796 impiorum
1817 699 1987 775 abustluie

380 808 479 895 sese,
505 807 564 879 vel
592 805 719 898 (quod
743 801 1098 885 convenientiuseli‚
1123 821 1163 872 ut
1204 800 1518 893 serviturorum,
1543 800 1737 890 aliquando
1758 798 1986 883 liberabitur.

379 909 529 1001 adparet
540 896 588 974 ἐκ
603 926 636 973 v.
654 902 737 988 23·)
766 901 864 994 quod
881 924 1028 969 unacum
1042 901 1164 983 domine
1206 899 1310 985 Quod
1339 898 1482 969 additur
1501 922 1545 980 tre
1575 898 1772 991 emendemur
1793 922 1855 978 τοι
1884 888 1989 989 cla-Zet

265 1072 278 1091 ,
379 999 909 1100 ingemiscantdtparturiant,
935 997 1092 1083 horest,
1125 1000 1162 1068 in
1205 994 1440 1070 diverbmodo
1476 999 1690 1088 exponitur:
1723 994 1988 1087 alchtylollo·

383 1088 651 1174 semilitu'dine‘m
665 1096 894 1191 parturientis
914 1096 1077 1179 doleant,
1103 1116 1163 1165 an·
1205 1113 1287 1166 mus
1301 1093 1430 1186 accipit
1443 1093 1637 1187 confilium
1663 1092 1989 1184 particulamenim

381 1200 443 1271 xie
460 1193 700 1292 exipedames
727 1215 895 1285 tempus,
931 1214 1003 1286 quo
1018 1191 1083 1263 lilii
1097 1193 1166 1263 Dei
1206 1217 1250 1273 ere
1270 1190 1416 1285 exponit
1437 1213 1501 1283 pet
1522 1184 1582 1267 ire
1607 1205 1744 1283 propter
1765 1190 1824 1259 vel
1848 1193 1882 1258 in
1903 1212 1990 1263 tore·

382 1294 454 1367 live
480 1294 596 1389 gloria
614 1291 774 1365 filiorum
794 1290 861 1361 Dei
887 1287 933 1361 est
949 1291 1167 1380 revolanda3
1208 1290 1437 1362 mendaciorem
1452 1286 1625 1359 libertatis
1639 1296 1671 1359 δι
1685 1288 1810 1382 gloriae
1825 1284 1989 1356 filiorum

385 1392 552 1485 quamvis
568 1390 747 1461 divetlttas
758 1388 921 1480 quedam
936 1385 1101 1465 lediionis
1111 1389 1169 1458 hie
1207 1388 1300 1479 Dei,
1326 1386 1463 1478 idquod
1479 1386 1634 1457 declarat
1652 1387 1808 1479 quadam
1826 1383 1989 1455 lrmilitu-

303 1545 306 1551 .
384 1507 559 1561 occurrat.
613 1488 767 1573 Quidam
794 1485 894 1555 enim
914 1486 1055 1581 codices
1077 1487 1166 1557 olim
1208 1487 1302 1557 dine
1352 1483 1627 1575 Quemadmodum
1654 1486 1795 1564 nutrire]
1834 1503 1917 1575 quoe
1939 1483 1991 1549 irt-

383 1584 605 1676 habuerunt‚
627 1582 824 1679 congemiscit
838 1580 883 1654 ld
896 1586 1065 1676 porterit,
1093 1603 1164 1675 quo
1195 1586 1327 1676 fontem
1347 1585 1408 1650 alit
1432 1583 1585 1676 regium,
1617 1584 1669 1651 illo
1689 1586 1732 1649 ml
1749 1582 1877 1676 regium
1892 1580 1989 1670 prirc-

384 1682 493 1756 tnodo
512 1682 600 1778 legit
618 1680 862 1775 Hieronymus
877 1683 913 1749 in
931 1702 1060 1751 comm.
1076 1676 1164 1750 Esai.
1203 1685 1345 1773 cipetum
1374 1677 1478 1749 evello
1512 1677 1560 1752 &l
1585 1680 1655 1773 ipfir
1687 1702 1813 1772 quoquc
1834 1679 1989 1746 ornem·

383 1779 512 1850 xxlv.
537 1780 712 1867 Quidam:
738 1776 936 1872 congemiscit
952 1777 997 1851 ὅ
1011 1778 1163 1847 condolet.
1193 1777 1373 1874 srulluum
1392 1779 1549 1869 percipil;
1570 1778 1814 1871 portentione,
1846 1798 1917 1845 tunt
1934 1775 1989 1845 lle·

384 1874 607 1971 Augustinus
631 1878 664 1946 d.
683 1877 705 1946 l.
728 1872 1161 1971 Quidamt‘ingrmiscit&
1202 1900 1253 1949 mo
1276 1875 1385 1971 glorie
1413 1878 1614 1963 donabitur,
1648 1876 1729 1945 ltmtc
1755 1877 1822 1942 er'us
1846 1862 1989 1967 gloriarer

258 2004 263 2011 ·
410 1976 560 2056 crearit,
581 1972 735 2067 Cyrillus
762 1966 822 2043 lib.
833 1974 877 2045 V.
896 1975 1017 2043 Thess.
1034 1992 1110 2064 cap.
1128 1992 1166 2063 7.
1202 1986 1344 2045 caeterae
1356 1984 1522 2042 'crcntrrrce
1540 2022 1553 2058 ‚
1577 1973 1990 2069 praedominiscruiermtt,

382 1998 581 2164 ilelycltius
591 2071 654 2141 lib.
666 2066 711 2140 V.
727 2072 762 2139 in
777 2073 887 2141 Lavit.
906 2068 1162 2141 Ambroliusin
1200 2075 1455 2164 participabunt.
1506 2070 1667 2142 Thomas
1685 2071 1721 2141 iu
1750 2066 1928 2164 supplem.
1950 2091 1987 2163 q.

386 2167 1164 2260 commentleddubiumnullumgenuinam
1205 2194 1264 2263 91.
1283 2188 1348 2240 art.
1372 2192 1407 2261 3.
1460 2169 1736 2262 Quemadmodum
1765 2180 1862 2261 perer
1882 2168 1989 2260 frtri·

387 2261 453 2333 elle
478 2262 670 2335 leuiorem
694 2286 799 2353 eam,
823 2274 900 2355 qua
919 2264 1047 2348 habet,
1093 2287 1166 2331 con·
1206 2271 1289 2352 liar,
1314 2289 1385 2336 crem
1397 2268 1540 2361 digniter
1544 2266 1618 2360 filio
1636 2290 1719 2337 nova
1738 2266 1936 2358 consertor,
1955 2264 1991 2335 il·

407 2360 522 2454 emiseit
540 2359 589 2433 δῖ
619 2366 843 2453 comparturit.
891 2360 1045 2431 Additus
1058 2384 1180 2453 repom.
1206 2367 1269 2435 liter
1281 2361 1430 2459 semeles
1446 2388 1527 2434 noue
1548 2377 1646 2460 etque
1666 2363 1779 2457 illustri
1798 2362 1923 2435 emilie
1943 2365 1992 2433 in·

380 2384 583 2551 deopertam,
615 2475 699 2551 οχρι
719 2484 772 2530 rur
800 2456 1032 2529 diverlimode
1059 2479 1166 2549 expo·
1207 2466 1300 2542 dein
1323 2463 1366 2558 ſse
1391 2462 1511 2547 Deos,
1540 2486 1609 2531 erem
1632 2486 1715 2533 noue
1730 2460 1994 2555 sempiterneque

243 2610 247 2614 t
384 2555 493 2626 nitur.
548 2558 618 2642 Qui
644 2560 688 2626 ad
716 2555 854 2625 domines
879 2553 1166 2647 morteferum,
1208 2562 1352 2656 dignitas
1380 2558 1500 2630 bomini
1519 2563 1553 2630 in
1585 2563 1655 2631 celo
1680 2564 1867 2644 tribuetur,
1901 2582 1991 2628 creo·

271 2708 277 2715 .
386 2652 430 2724 ste
452 2654 657 2748 exponunt,
683 2654 782 2746 quod
800 2654 859 2723 ille
882 2651 984 2722 dolor
1000 2653 1166 2747 argemi·
1207 2653 1346 2743 turoni
1368 2680 1450 2752 quoe
1472 2661 1517 2729 illi
1542 2657 1698 2755 inseruit,
1728 2656 1896 2745 illustriore
1915 2656 1993 2750 veste

386 2764 443 2823 tus
463 2772 528 2844 per
545 2747 1166 2844 gratiamiuliilicarienisnonlitab·
1206 2759 1375 2827 decorabit.
1426 2757 1495 2827 Sed
1523 2759 1597 2826 haee
1622 2754 1812 2847 explicatio
1840 2754 1994 2825 renova'·

387 2847 509 2933 latus,
537 2846 787 2919 ledmaneatin
807 2848 876 2940 piis
887 2844 996 2937 usquo
1012 2847 1055 2916 ad
1072 2860 1167 2918 ntor·
1207 2855 1344 2924 tionem
1367 2855 1495 2927 mundi
1514 2854 1591 2925 sore
1611 2850 1875 2945 praesupponit,
1893 2854 1995 2945 quod

102 3018 113 3031 ‚
253 2973 256 2977 ·
385 2961 472 3017 lem.
516 2944 654 3030 Quiad
670 2944 809 3039 spirituc
828 2941 1052 3036 deflendorum
1077 2942 1168 3014 refe·
1208 2951 1377 3023 adhucin
1398 2949 1540 3046 quaestlo
1563 2948 1621 3021 eli.
1672 2952 1735 3039 2)
1761 2949 1993 3035 Quidamex·

387 3060 494 3127 rum,
522 3063 562 3111 eo
581 3039 678 3113 sensu
695 3043 901 3134 accipiunt,
928 3043 1026 3133 quod
1041 3042 1168 3111 animae
1207 3068 1349 3142 ponunt
1375 3050 1599 3140 exemplariter
1624 3048 1659 3115 in
1682 3050 1887 3131 libertarent,
1926 3049 1997 3120 boe

312 3192 318 3199 -
385 3134 498 3235 usque
518 3139 563 3211 ad
582 3134 961 3218 diem-resurredionis
977 3157 1170 3229 corporum
1210 3141 1280 3226 eli,
1318 3146 1355 3214 in
1378 3146 1616 3217 imitationem
1638 3145 1698 3215 vel
1715 3145 1762 3215 ad
1785 3145 1998 3240 exemplum

387 3232 535 3321 luorum
552 3236 810 3309 restitutionem
826 3244 858 3306 ut
871 3235 997 3330 gloriae
1013 3232 1172 3307 filiorum
1210 3242 1369 3314 libertatis
1382 3240 1906 3340 gloriaestvegloriofocfiliorun
1915 3246 1997 3331 un,

386 3328 722 3404 Deirevelationem
739 3330 952 3425 exspertem.
1004 3332 1072 3402 Sed
1083 3334 1172 3424 quid
1213 3360 1253 3412 ut
1284 3339 1329 3411 ste
1357 3341 1507 3413 stmilcm
1542 3340 1739 3432 quamdam
1769 3339 1997 3425 libertatem,

387 3430 431 3502 de
453 3428 546 3503 hilce
578 3428 828 3523 hypotheltbus
857 3426 1081 3515 statuendum
1109 3429 1171 3519 bt,
1214 3434 1900 3513 stabilitatem&immortalitatemeum
1912 3436 1998 3513 filiis

387 3528 461 3599 iam
478 3547 559 3598 ante
579 3528 758 3597 vidimus·
801 3525 855 3595 De
875 3545 1067 3617 corporea,
1092 3527 1170 3599 vist-
1208 3533 1285 3603 ·Dei
1309 3535 1458 3627 reliquae
1479 3555 1650 3606 ereaturae
1669 3534 1922 3629 intelligantur
1939 3550 2018 3609 ae·'

387 3620 495 3695 bili&
512 3622 751 3695 irrationabili
766 3622 1171 3723 ereatuta'apolioloser·
1217 3650 1385 3721 cepturae.
1437 3632 1485 3722 3)
1510 3629 1999 3728 Ambrostusaeeipitrcetpo·

387 3739 448 3791 mo
469 3717 516 3790 est
538 3766 550 3805 ‚
588 3740 699 3810 quam
726 3719 811 3789 dicit
826 3717 923 3832 esque
950 3742 1035 3788 nunc
1057 3721 1175 3816 exspe·
1217 3728 1356 3812 taliter,
1378 3732 1536 3821 ·quiaere
1555 3729 1756 3824 emendemur
1783 3732 1916 3826 accipit
1929 3754 1998 3827 pro

391 3813 509 3901 &⁸¹02
536 3836 576 3887 ¹¹¹
599 3814 754 3888 ⁰st⁰ssd³i
774 3815 989 3892 defideffflm
1002 3817 1092 3891 illud
1110 3814 1175 3889 effe
1216 3850 1247 3898 ee
1262 3825 1445 3921 ολουθοριο
1460 3831 1675 3911 inlibertetc,
1700 3848 1740 3898 ut
1757 3826 1802 3897 ste
1810 3828 2000 3913 denotetur

390 3934 464 3984 non
483 3912 598 3986 solum
630 3914 780 3985 anxium
803 3961 815 4001 ‚
862 3911 1044 3985 sedetiam
1063 3916 1172 3985 cont-iz
1216 3941 1381 4017 tempus,
1408 3948 1481 4017 quo
1503 3924 1690 3998 liberanda
1712 3924 1780 3995 crit
1803 3946 2000 4002 creaturae

387 4031 527 4094 nuum,
554 4011 651 4103 quod
666 4012 738 4081 iam
753 4013 835 4081 inde
849 4033 870 4081 a
887 4010 1172 4105 lapluptotopla-
1216 4018 1384 4101 servitute
1402 4023 1670 4115 corruptionis,
1696 4023 1875 4095 nimirum
1889 4046 2000 4119 quan·

387 4103 523 4178 storum
541 4108 708 4200 coeperit,
735 4108 839 4180 acab
862 4130 903 4178 eo
924 4118 1173 4199 temporeper·
1217 4119 1261 4189 do
1284 4117 1367 4189 filiis
1383 4118 1456 4199 ,Dei
1478 4121 1606 4190 libertos
1634 4121 1788 4215 gloriae,
1831 4124 1901 4195 hoe
1924 4122 1999 4213 en,

231 4248 234 4253 -
385 4223 495 4296 petuo
514 4205 722 4297 duraverit,
745 4204 932 4300 quin&ad
945 4201 1173 4303 finemulque
1217 4215 1374 4307 gloriosa
1391 4216 1560 4289 liberatio*
1577 4215 1620 4289 ab
1638 4218 1739 4289 omni
1751 4216 1895 4292 miseria
1913 4270 1925 4305 ,
1949 4222 2000 4293 in-

387 4302 516 4372 mundi
542 4303 755 4376 duratorum
773 4302 819 4373 lit.
1218 4312 1386 4383 firmitate
1407 4359 1419 4397 ‚
1460 4312 1701 4405 mutabilitate
1719 4360 1746 4401 ‚.
1770 4314 2002 4409 adflidlionn

475 4406 508 4497 ς.
523 4398 644 4470 LVlll.
678 4400 732 4473 De
750 4402 852 4471 tertio
864 4399 1045 4490 praedicati
1059 4422 1173 4473 mem·
1213 4410 1376 4502 adeoque
1399 4408 1442 4482 ab
1470 4412 1641 4486 omnibus
1663 4434 1725 4482 cot
1750 4413 1825 4485 oris
1843 4416 2003 4493 &animi

234 4560 237 4564 .
388 4494 453 4568 bro
474 4493 599 4610 tradat
620 4498 849 4613 apoliplusv.
871 4518 929 4611 2⁶1.
954 4498 1093 4592 quie&
1105 4497 1174 4611 ipstr
1213 4505 1319 4580 malls
1343 4505 1528 4606 'obtinget
1580 4510 1635 4607 4)
1657 4511 1703 4582 Po
1733 4528 1767 4583 ct
1793 4512 1905 4591 etiam
1926 4534 2004 4613 par.

388 4608 542 4669 crcelrcre
566 4594 750 4670 ltbrreltlur
777 4596 970 4693 astructum
995 4609 1174 4695 correptet·
1297 4629 1302 4638 ·
1863 4692 1891 4701 ,Ι
1966 4618 2006 4701 ψ
