4066 5468
384 282 387 287 ’
507 262 1305 437 ,naurs-Mot‘rujtss
1660 336 1707 419 9,
1847 428 1851 435 ,

191 437 432 590 comprehensi
456 492 591 568 suerint
611 492 664 580 ii,
690 492 754 588 qiti
776 504 859 563 eum
883 488 949 562 'lui
981 487 1168 563 habentur.
1212 456 1318 569 ''Sunt
1354 495 1502 569 illorum
1540 498 1705 592 exempla

166 614 194 663 :o
217 591 253 661 itt
272 594 385 661 vitam
399 591 604 673 redierunt,
630 612 696 660 nee
718 610 779 659 rot
800 591 862 659 de·
899 585 1001 672 odio,
1018 599 1175 683 quorum
1194 592 1265 663 tria
1282 598 1320 662 in'
1340 592 1483 682 oeteest.
1506 595 1647 688 reliqua
1663 598 1702 666 in

166 708 305 760 tortuos
320 682 576 769 esleadlirmat,
599 688 637 756 id
649 706 766 756 unum
785 704 858 756 nte·
899 676 982 754 norio
996 704 1336 760 commemorantur.
1386 694 1702 785 Priuemooropat

166 807 232 868 ns,
266 785 328 854 diu
359 785 397 851 in
421 778 655 875 terrislsuisse
675 780 794 865 visor,
818 782 856 853 io
899 782 1019 851 locum
1029 778 1119 869 filius
1137 782 1253 852 viderie
1263 783 1484 881 Sorepraoot,
1509 792 1572 879 (8)
1596 787 1641 857 ab
1656 792 1702 857 lo*-

176 880 256 952 sane
277 878 417 973 absque
438 879 564 949 mortis
578 881 781 953 interventu
797 877 854 945 ile-
896 879 941 947 iia
962 880 1133 969 propheta
1158 879 1364 966 suscitatur,
1394 886 1494 953 cuiue
1511 882 1642 953 mentio
1660 882 1701 955 fit

166 981 238 1049 nio·
278 976 368 1047 Cum
382 996 550 1068 praererea
566 977 676 1044 altera
691 995 855 1046 veterum
897 974 1008 1069 rkeg.
1024 973 1150 1046 XVII.
1180 968 1699 1067 Vertillumelllalseanimam,
1826 1028 1830 1035 ·

166 1094 378 1166 rumpars,
416 1069 743 1164 quesansloscum
758 1070 855 1141 Chri·
896 1092 962 1141 nec
978 1072 1110 1140 mortui
1130 1070 1243 1145 saltim
1266 1072 1418 1166 speeiem
1440 1075 1546 1167 praese
1563 1071 1696 1159 tulisse,

166 1196 173 1238 t
198 1173 328 1243 coelum
350 1167 503 1239 sublatos
521 1168 654 1252 tradit,
679 1186 855 1251 numero,
876 1185 975 1237 ·tutn
985 1165 1107 1236 matris
1127 1167 1276 1240 adflittae
1293 1173 1404 1241 oratio
1426 1170 1595 1254 ostendit,
1621 1189 1700 1245 tum

166 1269 300 1339 ienitate
325 1285 367 1334 ac
394 1264 552 1357 pondere
573 1262 857 1334 testimoniorum
898 1260 971 1429 {ssa
990 1261 1167 1354 scriptoris
1185 1264 1273 1336 socri
1291 1270 1469 1351 narratio,
1499 1267 1699 1343 diserte-te.

166 1366 291 1435 tientes
310 1361 522 1444 antecellat,
561 1379 645 1430 cum
663 1362 705 1429 de
723 1360 803 1430 loro
825 1366 858 1431 δι
889 1437 893 1445 ,
926 1359 1038 1430 ant'ir:
1066 1357 1248 1441 invaluisse
1270 1365 1374 1457 pueri
1400 1364 1600 1448 morbum,
1636 1365 1722 1437 do·'
1790 1408 1793 1413 -

166 1482 237 1544 tre,
273 1479 345 1551 quo
359 1455 557 1541 terrestrem
575 1456 687 1529 uitam
702 1458 762 1526 vel
774 1477 858 1525 oon·
900 1476 965 1525 nee
984 1455 1105 1525 anima
1127 1457 1169 1544 jn
1201 1480 1243 1527 eo
1262 1455 1332 1530 n'on
1353 1460 1587 1551 remanserit,
1616 1469 1709 1554 pro·¹

166 1558 249 1642 tint,
287 1555 346 1631 ¹uel
371 1573 485 1625 morte
510 1544 692 1622 liniverint
711 1552 764 1623 illi
784 1551 855 1623 son·
897 1554 1115 1651 phetamque
1145 1556 1397 1648 deprecatum,
1429 1578 1467 1629 ut
1500 1559 1695 1630 revertere·

166 1642 856 1743 tequeinsaerurumliterarum,neque
898 1668 996 1719 retur
1022 1649 1302 1735 animamortui.
1352 1655 1455 1740 Quod
1481 1650 1573 1724 ‘vero
1600 1654 1696 1732 Elias
1794 1721 1798 1727 ,
1905 1749 1910 1757 .
1962 1664 1966 1671 '

166 1750 254 1821 :oriae
264 1746 384 1842 prisce
403 1746 645 1816 monumentis
656 1746 856 1837 quidquam
895 1757 947 1815 ter
959 1748 1224 1838 inrubuitpuero
1247 1797 1259 1835 ,
1280 1749 1421 1821 idione
1447 1774 1517 1820 non
1541 1742 1694 1844 prolsat,

166 1867 264 1917 ntum
289 1846 518 1937 reperiatur3
558 1862 642 1915 cum
674 1840 852 1925 verbum,
892 1841 1204 1931 animampuerl,
1229 1849 1389 1936 eorporis
1404 1850 1573 1918 duntaxat
1591 1846 1694 1919 reso·
1727 1872 1736 1882 ·
1854 1852 1857 1859 ’

167 1962 292 2015 tuntur
311 1938 557 2025 saeraeliterae,
584 1933 851 2030 itinerarium,
893 1936 1211 2029 cillationeaptam
1247 1939 1346 2011 soille
1371 1943 1546 2014 redditam
1568 1964 1695 2037 opera·

166 2041 296 2108 itionem·
339 2058 508 2127 corporum
548 2034 850 2133 glorificatorum,
892 2022 1053 2103 tionibus
1080 2029 1317 2124 suisiterum
1351 2037 1582 2111 exserendis,-
1613 2038 1694 2115 Fuit

174 2155 336 2228 tempore
355 2129 510 2214 fodiam,
548 2154 620 2202 non
644 2135 850 2205 diuturnam
892 2129 1062 2199 enim-ille
1077 2128 1370 2222 prophetorum
1387 2156 1458 2205 non
1475 2137 1537 2208 nist
1553 2133 1712 2229 sgnum·
1818 2181 1825 2186 --

166 2235 212 2301 tis
236 2253 375 2301 terreno
392 2248 540 2321 corpore
561 2227 702 2316 vestiri,
735 2230 773 2299 in
794 2223 849 2299 his
891 2226 1074 2317 quoddam
1104 2229 1270 2299 miraculi
1289 2233 1454 2323 patrandi
1482 2251 1693 2319 externum,

178 2329 500 2399 commorationem
521 2323 716 2419 fignifitare
733 2326 851 2397 videa·
892 2322 950 2392 eui
979 2342 1045 2414 per
1066 2319 1099 2392 se
1124 2324 1226 2394 nulla
1248 2327 1362 2397 inerat
1385 2324 1538 2400 'efficacia
1555 2350 1583 2417 3·
1611 2328 1694 2401 licet

173 2427 252 2497 roll.
275 2426 385 2494 More.
408 2424 517 2493 XVI.
539 2447 569 2512 ρ.
596 2420 717 2493 Matri.
742 2425 774 2493 I.
797 2434 850 2493 eo.
892 2418 1071 2517 eiusmodi
1090 2416 1289 2510 symbolum
1316 2422 1461 2516 prorsus
1483 2423 1691 2518 supervaca-

166 2522 203 2594 V.
215 2546 272 2610 3⁰·
297 2520 373 2593 Asi.
392 2521 441 2590 X.
454 2546 508 2610 4⁰·
540 2538 623 2589 cum
644 2521 799 2611 denique
813 2540 849 2587 o·
892 2535 1001 2584 neum
1018 2516 1114 2585 haud
1130 2517 1319 2603 videatur,
1344 2534 1463 2611 neque
1478 2521 1582 2592 nobie
1606 2542 1692 2592 con·
1775 2515 1777 2519 ’

168 2639 316 2704 eorum,
342 2619 407 2710 qui
423 2614 635 2692 sanilotiom
650 2617 773 2710 pridem
789 2616 849 2685 tie·¹
891 2609 986 2693 stet,
1020 2630 1085 2682 eur
1110 2610 1198 2683 olim
1223 2614 1264 2683 'fir
1288 2613 1499 2689 adhibitum.
1519 2666 1526 2681 .
1550 2618 1693 2691 Secuom

166 2738 195 2788 ta
226 2719 351 2788 iterata
380 2735 496 2784 morte
525 2709 647 2799 obiisse
672 2709 847 2800 statuunt,
889 2707 1044 2777 occurrit
1057 2710 1269 2780 Sunamitidis
1282 2710 1380 2784 illius
1388 2710 1503 2803 filius,
1534 2713 1691 2787 absiliae

166 2811 317 2884 tltatibus
349 2809 485 2881 laboret
509 2809 849 2901 inexplicabilibus,
889 2798 1084 2886 successore
1107 2810 1143 2877 'dr
1170 2802 1366 2899 discipuli,
1402 2810 1529 2903 Elisium
1554 2831 1573 2880 e
1594 2833 1690 2902 mor·¹

166 2913 289 2983 realem
312 2908 456 2978 vitama
473 2905 585 2977 beatis
600 2905 846 2995 mentiburde·
888 2901 960 2969 tuis
986 2901 1114 2975 excitat
1141 2926 1170 2974 s.
1195 2904 1389 3001 2Reg.lV.
1425 2898 1608 2978 Verisote'ro
1622 2910 1689 2980 ini·

166 3009 367 3086 reboatum,
394 3000 603 3094 sensumque
620 3000 750 3072 futurae
772 3000 849 3071 seli·
891 2995 1005 3065 racoli
1035 2999 1102 3097 ‘¹¹V.
1137 3016 1160 3067 ι’
1176 3022 1212 3069 m
1235 3023 1346 3094 puero
1372 3002 1457 3075 sadli
1476 3004 1498 3075 st
1521 3005 1603 3096 quit
1627 3026 1689 3075 ne·

166 3110 220 3173 t&
235 3098 464 3193 perfeetionis
482 3119 565 3168 cum
590 3095 730 3169 miseria
749 3105 782 3169 ει
801 3098 851 3168 di.
892 3111 1006 3184 gare,
1032 3091 1214 3184 causisque
1235 3096 1382 3188 physreis
1397 3097 1553 3170 tribuere
1567 3102 1689 3172 omnia

166 3198 281 3270 inibus
310 3196 416 3268 statur
441 3192 739 3286 nostri'praesemio
756 3215 851 3265 com·
871 3185 981 3257 'velit
998 3207 1040 3259 ea
1063 3190 1289 3275 corrutione,
1327 3195 1424 3283 quod
1447 3195 1620 3286 propheta
1635 3193 1689 3265 su·

167 3317 231 3367 nm
251 3317 291 3366 co
322 3293 478 3381 'temuo3
505 3288 585 3361 satis
605 3288 849 3385 'omninoprae-
886 3304 952 3379 per
991 3305 1118 3355 uerum
1145 3283 1212 3356 sese
1243 3281 1426 3380 extendit,
1459 3292 1587 3382 orique
1610 3289 1689 3361 eiuo
1770 3323 1776 3331 ·

166 3316 518 3483 opereffcensenus
537 3388 582 3457 iit
595 3433 609 3474 ‚
635 3388 700 3478 qui
712 3385 847 3460 sanetus
889 3402 930 3452 οε
954 3307 987 3451 s
1057 3470 1061 3477 .

166 3490 294 3561 'altera
318 3504 478 3557 exemtus
497 3483 668 3556 iudicant.
890 3476 958 3548 bus
979 3477 1170 3570 adplicuit,
1209 3499 1247 3552 ut
1269 3501 1350 3552 earo
1373 3483 1476 3574 pueri
1504 3478 1689 3554 incalesce·

356 3586 366 3666 ᾗ
890 3591 974 3658 ret,
1000 3573 1032 3645 is
1049 3597 1116 3646 nee
1139 3573 1284 3650 adinum
1297 3574 1571 3669 symbolicorum
1586 3576 1689 3651 usum
1733 3630 1740 3647 ,

307 3764 311 3771 Ι
369 3701 411 3776 s
460 3689 507 3764 V,
891 3669 1120 3763 intelligere,
1145 3695 1210 3743 nee
1228 3673 1406 3767 scripturae
1422 3674 1688 3769 testimonium,

892 3767 945 3836 uti
960 3763 1016 3843 sas
1032 3765 1106 3854 est,
1131 3774 1289 3841 revereri
1309 3773 1463 3844 videtur.
1512 3770 1608 3843 Nam
1622 3792 1689 3865 ge·

166 3867 382 3942 Accedimus
398 3867 529 3939 iamarl
552 3884 645 3950 eor,
684 3866 748 3956 qui
769 3863 850 3960 ipsu
891 3858 1143 3956 sturvisosqoe
1165 3870 1284 3937 varios
1313 3869 1350 3937 in
1375 3868 1557 3943 miraculis
1579 3869 1686 3937 eden·
1755 3902 1758 3909 ·

166 3990 220 4037 ure
245 3966 415 4036 literarum
430 3961 609 4059 suffragiis
624 3983 696 4033 ture
709 3962 850 4035 hunor-
892 3959 948 4033 dio
970 3978 992 4033 a
1003 3962 1187 4054 prophetis
1207 3959 1510 4050 adhibitosfuisse,
1538 3964 1690 4039 licetilli

1476 4086 1479 4090 ’
1638 4061 1691 4135 di.

166 4254 349 4329 Sententiae
364 4252 623 4348 quorundam,
652 4250 716 4345 qui
732 4247 850 4324 filium
900 4270 903 4275 ·
947 4335 950 4339 ¹
985 4250 1171 4321 Hebraeum
1201 4249 1233 4321 se
1255 4252 1489 4340 profiteatur,
1522 4275 1592 4347 top.
1608 4255 1635 4323 l.
1654 4277 1688 4341 o.

166 4353 251 4433 lum
277 4351 394 4425 vidue
418 4353 616 4442 Sareptanae
640 4350 754 4417 sonam
771 4371 848 4439 pro·
986 4349 1053 4418 coli.
1077 4373 1110 4420 2.
1136 4371 1168 4414 rr
1196 4347 1328 4421 ‚XII-l.
1342 4374 1395 4438 25·
1423 4349 1483 4419 ille
1499 4369 1618 4421 autem
1630 4352 1689 4419 Sa·

166 4448 275 4519 ueram
286 4443 397 4533 fuisse,
408 4468 491 4516 cum
506 4442 665 4516 Hebraeis
676 4441 851 4528 adserunt,
985 4459 1138 4537 repremit
1156 4373 1325 4517 sortitur
1345 4444 1431 4519 urbe
1446 4446 1699 4515 Sidoniir·viei·.

166 4561 325 4636 opugnat
338 4542 851 4635 tumsupputatiotemporuro,
988 4562 1058 4625 na,
1088 4540 1127 4614 iic
1154 4559 1254 4617 extra
1277 4544 1476 4617 iudeorum
1511 4541 1687 4618 ditionem

166 4639 316 4732 omipsa
340 4641 454 4712 ternus
482 4638 609 4725 ratio,
656 4635 869 4730 patrieque.
990 4636 1061 4710 sita.

166 4734 332 4838 turim
359 4733 575 4849 “wisi-¹³²
626 4753 713 4826 2⁰⁸²
732 4713 855 4828 ’Μ
957 4849 961 4856 -

970 3402 1083 3472 uum,
1110 3382 1387 3469 oculosoculis,
1427 3407 1554 3459 manus
1575 3384 1689 3457 mani·
1759 3416 1765 3427 ¹
1806 3431 1811 3440 ·
