4004 5474
976 247 1447 347 onerario

442 455 689 572 exponendis
711 451 779 538 fibi
794 448 1037 537 constantem
1056 441 1395 558 deprehendimus
1417 424 1612 531 'meliorent
1631 504 1660 545 ,.
1686 466 1815 557 eaque
1840 438 1963 559 versa

441 678 531 742 tutu
556 647 752 761 diligentia
774 643 817 730 u
838 628 1097 767 adsiduitate,
1133 663 1224 753 quae
1243 634 1339 721 locis
1367 633 1470 723 illius
1489 632 1723 746 theologicis
1749 630 1958 724 utilitatem

365 878 370 891 ·
433 842 679 954 laudemque
712 834 931 933 conciliavit
946 830 1014 917 diu
1033 827 1123 940 poll
1142 823 1220 913 fata
1242 824 1405 914 audiant
1424 824 1683 936 superstitem.
1739 826 1879 939 Quam
1896 825 1960 915 ad

434 1017 771 1126 curatusfuen'tin
788 1025 932 1128 rebus,
959 1049 1060 1138 quas
1068 1018 1228 1125 trallae,
1248 1014 1491 1134 explicandis
1503 1042 1550 1103 ae
1564 1016 1812 1121 definiendis,
1831 1048 1957 1163 quam

332 1180 335 1186 Ι
434 1225 586 1315 solers
575 1253 615 1312 ιιι
638 1221 777 1313 ordine
792 1218 967 1357 capitum
983 1240 1175 1329 nexuque
1198 1209 1498 1312 concinnando,
1540 1237 1663 1325 quam
1680 1208 1820 1301 acutus
1845 1190 1890 1299 iu
1896 1212 1955 1317 ὦ,

432 1414 737 1519 stinstionibus,
776 1433 900 1524 quant
924 1402 1165 1495 foecundus
1154 1432 1195 1493 ιιι
1210 1404 1410 1497 eliciendis
1426 1399 1706 1517 consee'lntiis2
1724 1402 1963 1518 quamdilit‘

432 1635 532 1744 gons
549 1610 694 1693 invcro
706 1598 931 1689 stabiliendo
943 1600 1175 1712 idoneisque
1196 1599 1439 1727 argumentis
1456 1595 1799 1699 commendando,
1825 1596 1952 1713 quam

379 1802 393 1809 “
426 1826 516 1885 acer
546 1795 693 1887 vindex
716 1793 887 1907 purioris
904 1786 1096 1879 doilrinae
1115 1787 1303 1879 adversus
1324 1811 1652 1903 oppugnatorum
1676 1816 1950 1903 quorumcun-

298 2088 303 2103 ,
428 2017 508 2106 que
528 1993 752 2143 impetam,
781 2010 906 2139 quarn
936 1989 1124 2099 egregius
1138 1982 1369 2071 divinorum
1383 1978 1669 2132 oraculorum
1657 1982 1873 2099 interpres,
1907 1992 1949 2077 in

422 2175 662 2271 adducendis
675 2130 1012 2326 exponendisque
1038 2202 1223 2267 veterum
1254 2175 1471 2264 duilorum
1494 2172 1686 2264 sententiis
1708 2204 1834 2292 quam
1849 2178 1945 2268 dex·

301 2482 304 2487 Ι
422 2400 504 2479 tet,
530 2375 574 2497 ln
589 2366 833 2489 effundendo
851 2375 965 2458 variae
981 2344 1274 2485 profundeque
1291 2366 1519 2458 eruditionis
1538 2367 1726 2483 adparatu
1742 2397 1866 2486 quam
1878 2402 1949 2493 cuj

420 2562 574 2680 piolus,
597 2589 721 2674 quam
736 2566 934 2676 ingenuus
949 2561 1395 2691 deniquedemodellus
1409 2561 1485 2678 ipse
1505 2562 1587 2647 veri
1597 2561 1711 2663 testis,
1726 2563 1764 2649 id
1774 2564 1944 2678 quidem

417 2781 508 2845 tum
527 2779 580 2843 ex
599 2740 779 2843 uniuerso
804 2752 882 2840 lroc
903 2780 1046 2869 opere,
1085 2780 1174 2841 tum
1195 2726 1393 2869 praecipue
1412 2757 1530 2840 etiam
1553 2781 1605 2838 ex
1627 2708 1939 2848 liltimorumlo·

416 2975 559 3036 cotum
578 2974 727 3044 amenta
747 2945 846 3032 adeo
870 2948 1072 3060 perspicue
1094 2944 1244 3050 elucet,
1289 2974 1333 3033 ut
1351 2950 1479 3033 nostra
1504 2936 1671 3033 demum
1697 2946 1805 3033 haud
1829 2976 1940 3064 opus

416 3141 462 3229 fit
475 3136 776 3227 collaudatione.
831 3136 990 3249 ,Quodsi
1013 3162 1114 3222 vero
1136 3141 1176 3224 in
1196 3139 1241 3222 iis
1271 3138 1516 3252 potiffimum
1534 3135 1757 3248 capitibus,
1790 3168 1883 3257 qqae
1910 3172 1936 3234 a

408 3333 598 3449 penitiori
612 3331 839 3439 cognitione
856 3329 983 3414 nostra
999 3324 1156 3441 sapienli
1177 3276 1440 3418 Deiconfilio
1454 3327 1614 3442 longius
1638 3357 1797 3446 remota
1809 3332 1897 3427 sunt
1919 3399 1935 3446 ,

408 3524 707 3630 hominumque
725 3518 988 3605 curiositatem
1005 3522 1112 3607 varie
1128 3519 1251 3609 solent
1266 3547 1478 3629 ettcrcerea
1499 3519 1613 3635 plura
1629 3525 1682 3637 ab
1694 3525 1843 3641 miliare
1858 3559 1932 3619 no·

351 3736 379 3782 ·.
407 3713 492 3801 stro
509 3715 579 3801 sint
601 3708 843 3824 conquisita,
871 3736 995 3826 quam
1019 3710 1211 3801 dodrinae
1227 3713 1413 3802 divititas
1431 3709 1638 3826 patefacta
1657 3716 1928 3832 investigatio,
1980 3760 1987 3767 ·

226 3929 236 3943 ·
305 3998 308 4005 ,
406 3907 686 3993 commuuione
702 3901 844 3990 utilitas
858 3902 1277 4017 requirere-videntum
1304 3904 1708 4019 concedetutaliquid
1725 3907 1804 3995 sive
1826 3933 1928 4000 tent·

272 4116 275 4121 ·
401 4119 577 4207 ponam,
604 4093 753 4208 quibus
766 4094 885 4198 vixit,
914 4094 1056 4199 indoli,
1081 4094 1175 4191 five,
1194 4095 1305 4185 diviti
1329 4097 1562 4199 Genuam
1586 4094 1746 4214 ingenio
1756 4100 1929 4219 lateque

398 4280 949 4402 diffuieetudltioniscopiae,
974 4285 1222 4400 sincicum,
1248 4314 1374 4401 quem
1394 4291 1465 4399 fibi
1484 4290 1773 4405 proposuerat,
1788 4323 1929 4423 expo

390 4472 571 4565 itionem
591 4498 729 4568 rerum
742 4477 977 4570 conficiendi
992 4504 1120 4611 queue
1138 4478 1413 4594 plenilinqam.
1468 4483 1563 4585 Nec
1582 4506 1738 4593 tamen,
1750 4491 1941 4600 opinot,·

1743 4664 1929 4793 prudeu-
