4066 5468
189 207 252 314 tt'
393 158 416 249 '-
530 176 539 201 ⁸
613 182 620 201 “
696 206 1038 329 nocvrxxuur.
1089 205 1277 283 court.
1368 234 1372 241 ·

183 396 382 499 nuptibilia.
432 394 484 493 4)
519 392 665 469 conten
692 391 851 469 Christus
878 391 984 468 suum
1025 394 1111 478 tiae,
1138 405 1328 475 mortem
1339 392 1510 490 qualitatis
1518 395 1862 467 uoataxarreetette·

187 518 319 596 corpus
340 508 429 569 'cum
447 516 561 592 grano
580 495 711 580 tritici,
748 494 847 589 quod
860 495 898 564 in
911 512 981 564 ter·
1012 489 1076 586 fiet
1098 491 1133 560 in
1158 494 1343 591 eorporilrrer
1378 493 1585 588 resuscitatis.
1637 492 1751 587 Resp.
1778 497 1846 587 1)'

47 594 65 603 ”
185 620 267 673 ram
298 596 543 669 coniicitur&
571 591 752 690 putrefit,
791 611 987 685 antequam
1025 586 1185 662 Mutatio
1202 589 1336 687 duplex
1358 589 1427 679 est,
1468 589 1830 690 fimtiaitrmteiuen·

185 696 327 792 surgit,
353 693 429 764 loh.
446 691 524 765 XII.
539 708 600 790 24.
626 712 694 763 uec
711 710 832 765 tumen
850 710 982 784 eorpus
1025 690 1124 774 tulis,
1156 708 1179 760 u
1197 710 1331 783 genere
1347 691 1462 786 igitur
1484 689 1761 764 indeterminato
1782 693 1828 766 ad

186 784 314 867 christi
330 789 570 887 putrefotiom
585 787 661 877 eli,
688 788 889 873 notatim,
925 787 984 862 sed
1023 783 1178 880 speclem
1201 788 1474 863 determinatam
1494 812 1567 861 nou
1592 786 1706 888 potest
1719 812 1828 887 argu.

166 882 277 981 ‚i'llnu
298 888 412 987 ipsum
436 912 456 960 e
479 888 633 961 mortuis
657 876 705 959 e'st
727 885 983 961 resuscitatum.
1022 903 1188 957 mentum
1197 882 1348 958 formari
1358 886 1638 961 adfirmativum.
1665 891 1715 980 2)
1732 888 1827 977 Qua·
1865 960 1871 966 .

65 984 70 995 “
185 991 242 1062 Ex
251 987 478 1062 similitudine
494 1008 582 1082 ergo
592 984 736 1058 leminis
749 990 983 1079 nequaquam
1022 982 1098 1054 leth
1123 992 1316 1077 αλλαγγην
1337 982 1515 1078 apostolus
1533 988 1737 1082 intelligat,
1759 986 1828 1059 ibi·

185 1083 592 1171 substantiaetliverfitus,
617 1079 981 1157 sedduntaxatdiver'ss
1023 1079 1107 1153 dem
1130 1079 1257 1153 diserte
1281 1083 1429 1175 exponit
1450 1104 1516 1175 per
1539 1084 1761 1156 vocabulum
1776 1088 1827 1157 iu-

185 1184 222 1260 sa
238 1206 432 1280 corporum
447 1183 599 1277 qualitas
614 1180 743 1255 inferri
758 1178 882 1277 potest.
936 1183 980 1275 5)
1020 1179 1195 1267 tuitionis,
1220 1203 1256 1250 v.
1270 1198 1328 1274 53.
1351 1201 1393 1251 ae
1413 1182 1502 1253 Phil.
1516 1182 1575 1253 lll.
1587 1205 1645 1262 21·
1662 1204 1728 1275 per
1743 1206 1826 1256 ver·

183 1283 372 1359 ExverbIs
383 1284 497 1379 igitur
514 1279 739 1377 apostolicis:
771 1300 980 1372 nuncupes,
1022 1275 1111 1349 burn
1127 1274 1486 1375 μιτασχηματιζοιν,
1504 1301 1576 1374 quo
1589 1297 1720 1371 artua
1731 1282 1826 1355 dun.

184 1379 512 1481 quodsttturumest‚
529 1376 983 1474 semiaar,srdrtudumgra·
1021 1392 1117 1447 taxat
1146 1397 1218 1446 nun
1241 1397 1363 1449 autem
1391 1404 1493 1455 uarat
1521 1375 1740 1452 abolendum
1767 1385 1825 1455 in.

183 1503 287 1572 etum3
310 1502 383 1550 non
400 1478 503 1550 debet
512 1476 662 1550 inferri:
691 1497 869 1574 ergonon
884 1475 983 1551 idem
1021 1475 1112 1545 nuit.
1153 1473 1410 1548 'Tertullianus
1420 1477 1482 1550 lib.
1496 1478 1538 1549 de
1547 1475 1733 1551 resurrect.
1744 1500 1824 1575 cup.

183 1599 337 1652 numero
368 1598 520 1670 corpus,
556 1576 655 1671 quod
680 1575 898 1658 seminatur,
924 1597 981 1647 re·
1024 1590 1041 1663 ς
1048 1594 1082 1663 5.
1136 1567 1745 1668 Discernendaesttiemututioahomni
1765 1604 1822 1650 or·

183 1676 325 1774 surget,
351 1674 409 1748 sed
430 1677 499 1746 hoc
519 1694 657 1747 tantum
673 1674 856 1769 sequiturt
882 1675 979 1770 Ergo
1018 1681 1174 1765 gummto
1193 1675 1395 1765 perditionis.
1445 1676 1549 1748 Atiutl
1574 1678 1657 1745 raim
1676 1679 1822 1751 demuta-

181 1774 256 1849 uon
280 1775 349 1847 tale
367 1795 525 1867 corpus,
552 1773 658 1866 quale
679 1772 897 1859 seminatur,
924 1794 986 1871 reg
1019 1771 1086 1856 tio,
1111 1769 1203 1841 etet
1219 1773 1361 1864 perditio
1381 1766 1460 1863 tst.'
1485 1768 1616 1871 Periiffc
1629 1774 1713 1855 enim
1730 1774 1821 1870 estin

182 1874 308 1969 surgit.
356 1870 510 1943 Duobus
520 1872 618 1942 enim
628 1871 746 1944 modis
764 1869 875 1962 potest
886 1872 977 1943 ucci-
1006 1877 1121 1963 *totum
1141 1892 1206 1939 non
1223 1865 1307 1964 effe,
1333 1868 1544 1964 quodsuerit.
1594 1873 1821 1965 Matutames·

180 1971 346 2069 piretro
361 1971 478 2052 idem,
504 1966 870 2065 velrationurffentiae
886 2019 898 2058 ,
917 1969 978 2042 vel
1005 1964 1154 2059 staiittr
1171 1961 1230 2062 mse
1247 1965 1301 2060 eli.
1347 1969 1461 2043 Porro
1478 1974 1556 2039 dum
1571 1973 1666 2061 aliter
1680 1969 1744 2061 rii,
1769 1976 1819 2045 id.

181 2071 319 2143 ratione
340 2068 543 2164 qualitatum.
595 2065 972 2154 Granum&culmus,
1000 2063 1119 2158 ,ipsum
1144 2063 1251 2159 potest
1278 2059 1346 2161 effe.
1396 2066 1506 2139 Habet
1522 2069 1605 2139 enim
1619 2068 1698 2163 effi,
1733 2076 1820 2168 quot

73 2142 80 2175 ⁹
180 2168 246 2263 qui
256 2189 301 2239 ex
313 2188 427 2262 grano
442 2164 621 2252 nascitur,
647 2161 845 2259 suntspecie
855 2166 973 2251 idem,
1014 2165 1189 2256 eruperit.
1240 2164 1456 2236 Mutationem
1469 2166 1818 2263 enimpuffumtstaom

181 2286 254 2361 qua
270 2286 315 2337 ex
330 2265 479 2337 materia
495 2269 528 2351 δι
545 2262 665 2334 formu
681 2282 723 2335 ut
745 2261 974 2351 substantiali·
1008 2262 1235 2354 perditionem.
1302 2264 1351 2351 3)
1389 2263 1553 2337 Verbum
1581 2266 1698 2355 illud,
1739 2288 1816 2364 quo

179 2361 566 2461 busgtanipartibus,
593 2380 673 2455 quae
686 2381 861 2451 manent,
899 2361 973 2433 cul-
1014 2358 1191 2453 apostolus
1211 2359 1374 2451 hocloto
1398 2362 1539 2452 utitur,
1580 2366 1730 2458 quidam
1752 2368 1816 2439 de·

31 2506 35 2511 -
81 2472 85 2479 ‘
179 2482 263 2533 mus
278 2458 450 2546 nascitur,
476 2480 542 2531 nee
576 2456 972 2530 ranofubutritieicor·
1016 2459 1153 2529 ducunt
1173 2458 1217 2529 ab
1239 2466 1352 2543 αλλος
1370 2466 1529 2554 &auem
1555 2462 1819 2539 utmututioso·

176 2578 248 2654 pus
274 2557 498 2646 adstruitur,
549 2480 608 2628 Iro
635 2555 761 2627 eadem
793 2576 919 2628 notura
939 2564 973 2628 δι
1014 2555 1174 2627 cundum
1190 2556 1312 2629 locum
1332 2560 1478 2651 proprie
1488 2558 1716 2654 significetur.
1742 2567 1837 2637 Lu.¹

176 2652 297 2731 forma
317 2655 464 2729 lementi
483 2654 658 2729 retinetur
681 2662 715 2726 ει
735 2650 921 2727 substantia
935 2655 971 2724 in
1013 2652 1137 2725 thorus
1153 2654 1189 2723 in
1204 2674 1396 2726 comment.
1411 2657 1445 2724 h.
1458 2656 1483 2727 l.
1511 2658 1815 2747 Graecumuerium

176 2756 303 2827 eadem
316 2775 441 2829 natura
455 2752 626 2827 seruatur.
641 2750 727 2825 Non
745 2753 972 2824 autemidern
1012 2752 1336 2845 αλλαγησομιθιι,
1361 2775 1424 2847 quo
1441 2755 1568 2827 Paulas
1586 2760 1645 2831 ior
1662 2760 1726 2831 loeo
1744 2765 1814 2831 eti-
1845 2776 1849 2783 '

175 2850 256 2924 sunt
273 2872 429 2948 granum
444 2859 477 2925 δι
500 2850 642 2925 culmus
655 2852 794 2922 ratione
809 2851 969 2921 acciden·
1011 2861 1089 2934 tur,
1109 2848 1316 2942 peculiariter
1332 2854 1667 2945 immaterialium,
1693 2872 1815 2931 utrum

173 2949 288 3033 tium,
314 2951 472 3042 quaealitt
485 2948 563 3023 sunt
583 2948 780 3034 luculum,
806 2969 917 3043 quam
931 2948 970 3017 in
1010 2958 1078 3017 rent
1092 2952 1130 3015 tir
1143 2947 1253 3019 Ioroia
1272 2950 1370 3021 oham
1387 2957 1638 3044 transponimur.
1687 2958 1813 3029 Extra.

22 3106 24 3111 .
172 3067 301 3143 granu.
329 3045 593 3140 Chrylostomus
608 3048 705 3117 hum.
719 3045 809 3117 XLI.
823 3046 969 3140 inpriu·
1003 3045 1055 3139 pii
1064 3050 1200 3142 gratia,
1224 3071 1297 3118 eum
1312 3049 1434 3142 aliquid
1448 3046 1584 3146 rxuqtta
1597 3056 1632 3124 ite
1645 3059 1813 3127 tortiaco·

173 3164 253 3217 rem
274 3146 319 3216 ad
341 3144 566 3220 Corinthios:
598 3144 689 3238 spira
702 3140 894 3235 indemni,
921 3142 970 3219 δ’
1008 3145 1345 3241 temtrumserimur,
1368 3151 1734 3225 autrttrraiuurrrm:
1759 3158 1812 3229 ito

172 3266 236 3313 uott
253 3247 369 3313 retem.
418 3246 549 3315 Eadem
566 3243 633 3313 ium
654 3241 750 3330 itaer,
785 3247 865 3338 quia
885 3240 969 3335 sub-
1007 3244 1241 3336 quoqueiuiiIo
1253 3247 1302 3317 tie
1315 3247 1352 3315 iet
1368 3244 1570 3320 monumento
1596 3253 1756 3323 oruiialio
1771 3258 1811 3327 im

167 3342 289 3436 stantia
321 3344 451 3430 eadem,
491 3366 556 3411 nort
579 3344 715 3428 eadem,
745 3344 822 3435 quia
843 3339 966 3410 melior.
1005 3341 1070 3409 loeo
1086 3339 1134 3416 Θ
1147 3342 1213 3414 aliu
1227 3343 1348 3438 formu
1358 3346 1581 3435 inveniemur,
1606 3353 1723 3445 quiiliu
1734 3350 1809 3446 iine

43 3442 49 3479 ¹
82 3526 87 3533 ²
172 3438 373 3533 Gregorius
383 3439 462 3511 libr.
472 3436 568 3510 xlv.
577 3440 701 3510 moral.
712 3459 788 3532 cap.
800 3459 859 3529 29.
873 3437 964 3509 Gra·
1003 3436 1086 3509 itm
1104 3451 1179 3511 oute
1194 3454 1253 3512 uui
1273 3444 1359 3513 dumi
1381 3454 1443 3511 out
1471 3444 1505 3513 t'u
1527 3452 1807 3544 composuimus,

169 3536 353 3631 roseminis
377 3562 441 3609 nort
459 3535 566 3629 deest,
667 3541 771 3606 derat
789 3562 805 3618 ,·
823 3538 882 3627 stri
905 3540 962 3606 utl-
1003 3559 1042 3607 at
1043 3538 1155 3631 ferbito
1168 3552 1263 3611 outa
1283 3538 1390 3634 attufit
1405 3555 1466 3611 aut
1477 3565 1494 3612 r
1506 3541 1586 3615 tetta
1605 3560 1664 3617 aut
1684 3573 1701 3618 r
1718 3550 1808 3623 iabu-

168 3633 237 3729 est,
262 3639 349 3728 quoti
370 3660 433 3706 uon
455 3648 538 3707 erut.
618 3632 723 3705 unfer
749 3631 963 3710 Crumerum
1001 3658 1058 3721 rr,
1071 3636 1173 3733 firuti
1188 3640 1303 3709 ibimus
1314 3686 1332 3731 ,1
1353 3637 1511 3731 stabimus
1534 3655 1597 3715 aut
1617 3645 1808 3741 sedebimus

169 3733 214 3804 du
231 3731 354 3828 ‚spiriti
383 3734 545 3830 corporis
579 3728 769 3829 glorificati
798 3728 961 3832 mysterio
1000 3744 1062 3804 aut
1084 3736 1278 3821 imminuet,
1310 3736 1593 3830 hinrattfhemur.
1637 3748 1807 3841 Itaqueia

81 3903 83 3907 ,
158 3846 245 3926 1εἰη).
259 3853 362 3927 p.33.
483 3908 488 3917 ,
1001 3847 1204 3917 monumento
1227 3835 1308 3906 orote·
1322 3839 1442 3904 moreat
1457 3840 1554 3909 iuxta
1576 3847 1694 3913 uruiui
1710 3842 1806 3921 &he

549 3936 580 4012 ς.
607 3925 780 3999 LXXVII.
815 3925 881 4021 lv)
904 3927 960 3999 Ex
999 3939 1103 4000 totum
1122 3933 1287 4006 immutati
1300 3936 1419 4004 rrimus
1430 3932 1597 4031 &supra
1610 3942 1644 4011 in
1662 3946 1804 4017 eutitm

164 4022 383 4165 Wfftcvr·
428 4047 471 4100 r.
487 4021 645 4139 Corinth.
660 4008 738 4097 XV.
772 4047 850 4139 51..
878 4027 960 4098 Noe
999 4027 1153 4143 tentaturi.
1202 4034 1592 4107 Eiusmodimutatiourm
1607 4040 1656 4110 itit
1670 4042 1803 4117 Paulus

271 4144 281 4165 ·
301 4125 341 4182 51·
429 4148 534 4194 omues
557 4126 682 4217 queritur
709 4124 959 4209 obdormimus,
999 4129 1129 4214 tumuit,
1154 4128 1431 4230 quamquamluec
1449 4155 1571 4228 quoque
1583 4139 1719 4209 alteram
1728 4166 1804 4215 mu·

434 4245 540 4293 omnes
564 4233 670 4290 autem
706 4231 958 4318 attenuarat·
999 4228 1153 4295 tationem
1168 4230 1337 4322 qualitatis
1346 4230 1605 4321 comprehendit,
1629 4240 1804 4335 dequesti.

160 4320 241 4407 bu,
266 4320 519 4392 immutabimur.
568 4324 640 4391 Iam
655 4342 730 4390 utro
743 4329 827 4416 quot
842 4324 959 4392 immu·
992 4345 1060 4416 pru
1080 4327 1166 4423 egit,
1191 4350 1380 4423 quarorpus
1394 4326 1585 4418 illustretur.

160 4430 255 4491 tatur
272 4468 284 4505 ,
302 4416 699 4531 substautiamumittit&
713 4420 956 4519 trunfitt'rtult'e·

81 4560 85 4567 .
154 4539 258 4605 mm,
283 4529 322 4588 ut
336 4540 407 4589 cum
431 4541 470 4615 ex
485 4540 571 4612 aqua
576 4514 623 4613 fit
635 4520 772 4603 viuum,
798 4542 885 4613 aqua
907 4520 955 4588 ui·
1092 4529 1123 4607 §.
1149 4522 1339 4605 LXXVIII.
1376 4522 1443 4613 v)
1466 4524 1522 4599 Ex
1555 4511 1615 4605 ¹V)
1637 4527 1686 4591 tur
1708 4490 1833 4597 rara-⁸

158 4618 242 4689 titur
250 4618 549 4716 mutariiuuinum.
597 4614 958 4715 Ergoetiumsubstua·
993 4621 1250 4695 ratiocinatione.
1298 4620 1520 4720 Diversarum
1605 4613 1753 4675 ‘Imm

1720 4752 1801 4827 Ψ·

79 4912 88 4921 ’
281 4918 350 5006 '¹ae

8 5180 15 5185 .
111 5142 115 5146 ι
408 5144 425 5169 ,Ι

449 5188 459 5215 X
