4066 5468
255 286 267 303 .
346 246 417 323 1242
725 226 728 231 ’
858 220 861 225 ’
904 190 1052 307 tactis
1079 160 1216 308 ΧΧῙΧ.1
1258 222 1356 307 CAP.
1381 226 1430 304 Π.
1488 218 1508 285 ’-
1534 220 1543 257 ’·
1652 256 1655 261 ’

346 426 515 500 murrum,
564 409 611 483 ete
639 406 737 483 enim
765 403 822 481 loo
848 406 1143 495 tortibulum,
1184 412 1322 503 paratio
1350 414 1546 509 piorumi
1582 404 1688 487 malis
1707 406 1754 482 'in
1782 404 1838 482 dio
1864 392 1998 479 iudicii

345 509 462 599 Apoc.
481 508 524 582 V.
549 536 582 604 5.
626 513 757 604 2Reg.
776 506 803 576 1.
845 507 1086 580 Elius'sedcns
1106 507 1143 578 in
1186 507 1346 584 secutura
1371 513 1586 606 proponitur
1613 515 1647 581 in
1666 511 1827 603 parabata
1868 504 1997 599 must,

308 670 311 675 .
349 625 471 677 monte
497 607 639 681 Carmel
665 608 789 701 ignem
813 602 965 676 faciebat
1005 604 1144 677 descon-
1187 607 1224 676 in
1247 629 1319 700 qua
1334 609 1531 707 colliguntur
1544 612 1710 694 zizania,
1751 606 1799 681 ἂν*
1821 606 1892 701 igni
1910 626 1999 672 eonc-

348 706 432 773 dere
450 703 553 799 super
569 705 701 778 milites
717 701 851 774 Ahosrae
871 726 879 775 t
909 701 1147 786 doctrinas,
1187 707 1364 778 buruntur.
1388 731 1422 777 v.
1438 718 1496 801 48.
1517 710 1551 777 in
1571 708 1729 799 parabola
1740 705 1875 801 piscium
1899 704 2008 771 bonu

295 828 298 833 ·
347 799 496 883 coelestia
519 806 637 888 Elias,
664 804 789 899 ignem
812 804 848 871 in
875 803 932 873 die
949 802 1074 872 iudicii
1092 801 1145 873 su·
1186 826 1260 871 rum
1279 804 1657 903 exsbgenacolleilorum
1673 802 1721 879 td
1732 807 1883 897 putrium
1886 799 1996 893 serrat

345 901 470 993 petius
488 904 642 994 depluct.
693 898 966 973 Matth.lll.11.
992 900 1145 971 Lunlll
1181 902 1416 996 proieblarem.
1443 904 1568 974 xvltt.
1586 922 1645 986 23.
1673 900 1996 995 Simiteest''regnum

348 1019 405 1093 17·
430 998 576 1087 (bridus
597 1001 777 1094 baptizabit
806 1021 861 1069 uos
890 1001 1017 1091 Spiritu
1026 998 1144 1090 fianiio
1185 1002 1334 1072 culorum
1352 1004 1468 1073 bomini
1486 1004 1583 1099 regi,
1618 1004 1673 1097 qui
1701 1002 1801 1074 uoluit
1826 996 1994 1067 raticbem

347 1095 395 1169 θ’
423 1101 525 1193 igne,
559 1105 648 1170 cuius
677 1098 888 1169 ventilabrum
917 1101 952 1167 in
978 1119 1077 1167 manu
1096 1096 1143 1171 89
1161 1102 1164 1107 ’
1179 1124 1300 1194 ponere
1312 1126 1384 1172 eum
1387 1100 1579 1196 seruissuir.
1605 1124 1639 1169 v.
1656 1123 1714 1192 34.
1740 1102 1857 1171 Iratus
1867 1094 1991 1166 Domi·

202 1210 205 1215 ·
345 1202 515 1268 mundabit
539 1223 650 1269 aream
674 1201 767 1285 suam
788 1194 835 1270 C!
862 1197 1068 1294 congregabit
1085 1200 1144 1266 tri·
1182 1222 1246 1270 nus
1266 1204 1403 1271 tradidit
1414 1199 1542 1290 seruum
1555 1199 1829 1288 immisericordem
1845 1196 1987 1265 tortori·

318 1295 442 1363 'ticum
457 1302 491 1365 in
502 1298 651 1369 borreum
654 1296 756 1392 sctum
776 1342 787 1386 ‚
809 1297 923 1389 paleas
940 1309 1143 1365 autemeam·
1183 1300 1251 1368 bus.
1288 1300 1415 1370 XXlV.
1443 1320 1503 1394 43.
1543 1300 1577 1365 Si
1597 1296 1697 1387 sciret
1719 1295 2025 1393 paterfamiliae„

344 1394 435 1461 buret
445 1398 782 1494 igneinescslinguibili.
834 1394 1000 1467 Ctemens
1014 1396 1143 1464 Roma·
1184 1420 1250 1492 qua
1267 1396 1346 1467 itura
1356 1396 1423 1492 fier
1449 1408 1606 1467 uenturus
1626 1391 1718 1491 esset,
1747 1394 1920 1492 vigilaret,
1937 1390 1992 1467 'fa‘

346 1514 417 1562 nuc
432 1494 495 1563 lib.
513 1498 571 1565 ili.
596 1497 771 1586 recognit.
820 1496 907 1563 Sicut
927 1498 1007 1562 duta
1027 1515 1049 1559 a
1071 1493 1143 1560 Deo
1183 1496 1380 1591 non'ſsneret
1398 1497 1525 1592 perfodi
1557 1500 1687 1568 domum
1706 1495 1839 1587 seems
1871 1514 1910 1561 v.
1927 1512 1991 1589 44.

339 1590 457 1683 pluuia
476 1616 631 1688 exaequo
651 1592 698 1669 Es
713 1594 832 1691 srugec
844 1597 951 1663 nutrit
965 1590 1012 1665 85
1022 1591 1141 1661 lolium:
1185 1596 1232 1663 ita
1249 1594 1298 1668 tt
1318 1606 1374 1665 uos
1393 1594 1487 1684 eslote
1497 1596 1633 1688 parati,
1672 1597 1749 1689 puin
1770 1593 1875 1664 Filius
1888 1590 2011 1661 tant·-

344 1689 570 1781 meffisnrstem
589 1706 730 1785 tempure
747 1696 924 1787 frumenta
943 1714 1142 1787 congregan-
1184 1695 1235 1763 nir
1256 1705 1411 1764 uenturus
1427 1692 1468 1786 est
1482 1695 1590 1778 bora,
1621 1716 1686 1789 qua
1699 1693 1833 1785 nescitis.
1857 1688 1987 1783 (idom
2012 1734 2016 1739 -

342 1798 401 1856 tur
423 1796 547 1883 quidem
564 1792 598 1860 in
612 1790 781 1885 borreum,
808 1794 922 1887 paleae
941 1812 1015 1861 uero
1029 1792 1080 1859 uel
1098 1789 1141 1858 lo·
1184 1794 1359 1886 repetitur
1375 1797 1461 1864 Luc.
1480 1791 1557 1863 ΧΗ.
1584 1812 1643 1882 39.
1673 1786 1860 1864 tlhulsol.
1885 1786 1929 1858 V.
1948 1804 1986 1861 2.

342 1883 423 1956 lium
441 1892 515 1984 igne
535 1890 794 1983 consumuntur,
827 1892 877 1988 fic
898 1893 932 1960 in
957 1891 1008 1959 die
1036 1888 1143 1957 iudicii
1185 1906 1208 1963 2
1227 1893 1317 1962 Potr.
1343 1891 1403 1961 lll.
1428 1912 1484 1966 10.
1510 1892 1625 1984 Apbc.
1644 1888 1737 1961 xvi.
1758 1888 1846 1979 ις.)
1872 1908 1908 1955 ν.
1924 1904 1989 1978 45.

342 1984 417 2077 iusi
441 1990 687 2058 introducentur
707 1996 894 2086 integrum
912 1990 1004 2069 Dei,
1036 1984 1144 2076 iniusli
1185 1989 1267 2081 Quis
1287 2001 1391 2083 potae
1419 1990 1459 2084 est
1477 1988 1588 2083 fidelis
1613 1988 1732 2082 seruus
1761 2012 1799 2056 ac
1813 1988 2013 2079 prodent,

341 2096 450 2153 autem
471 2089 661 2159 obiiciantur
666 2090 776 2179 suras.
824 2088 976 2158 lstdorus
995 2085 1144 2155 Pelulio·
1185 2108 1281 2181 quem
1310 2086 1474 2183 constituit
1507 2088 1673 2159 Dominus
1688 2085 1792 2182 super
1811 2083 1988 2180 familiam

292 2252 295 2257 .
343 2200 379 2254 ta
400 2183 478 2255 libr.
497 2186 522 2257 l.
538 2185 632 2281 epist.
642 2187 749 2259 LXV.
799 2185 1052 2259 Areaenomine
1071 2186 1142 2250 uni·
1175 2185 1297 2277 suum,
1322 2196 1361 2255 ut
1377 2192 1429 2255 det
1446 2188 1507 2255 illis
1525 2188 1628 2256 cibum
1650 2189 1847 2277 intempore.
1871 2184 1994 2277 ν.46.·

342 2281 467 2375 tterfiam
494 2288 577 2355 orbis
599 2299 765 2355 terrarum
794 2285 944 2382 ecciesam
968 2283 1142 2377 intelligit,
1181 2284 1370 2356 Beatusille
1387 2284 1523 2378 feroces,
1551 2306 1668 2378 quem,
1700 2308 1772 2361 eum
1790 2282 1913 2352 uenerit
1927 2284 1992 2350 doe

341 2381 378 2450 in
404 2405 472 2475 qua
502 2407 623 2453 omnem
654 2381 816 2454 numanae
850 2398 991 2453 naturae
1020 2376 1143 2474 meffe'm
1180 2384 1767 2478 minuseinc,inueneritſscsueicntem
1779 2380 1853 2456 &c
1868 2380 1988 2471 (idem

246 2492 259 2503 ‘
342 2483 437 2577 cogit.
490 2481 674 2571 Ventiiabri
708 2496 815 2554 outem
843 2481 991 2552 uombuio
1021 2478 1141 2575 iustum
1181 2484 1356 2575 repetitur
1375 2486 1460 2553 Luc.
1475 2482 1553 2552 Xll.
1570 2484 1656 2578 43.)
1678 2474 1789 2552 XXV.
1813 2500 1845 2552 1.
1887 2477 1985 2550 Tenc

342 2581 477 2649 iudicem
491 2582 631 2675 adpellut
647 2630 658 2665 ‚
690 2586 777 2679 quod
803 2584 928 2678 quidem
950 2603 1020 2649 eum
1037 2628 1049 2665 ,
1084 2581 1140 2675 poi
1153 2580 1276 2678 ..senile
1289 2585 1349 2650 erit
1361 2604 1498 2679 regnum
1511 2581 1655 2650 calorum
1671 2585 1770 2650 decem
1784 2566 1994 2674 uirginibus,

343 2681 457 2775 cuique
476 2679 639 2775 aptusest,
666 2686 809 2777 gradum
827 2678 1023 2778 distinguens
1034 2702 1072 2748 ac
1085 2684 1139 2771 de·
1178 2702 1261 2774 quae
1272 2683 1457 2774 accipientes
1477 2680 1640 2771 lampades
1644 2676 1728 2769 suos
1747 2678 1983 2763 exiveruntob-

235 2776 267 2810 ‘⁸
335 2776 481 2878 finiens,
502 2780 651 2873 pairares
666 2784 811 2873 quidem,
834 2782 1064 2863 utitadicam,
1093 2774 1139 2850 ἔθ’
1179 2780 1266 2846 uiam
1284 2778 1398 2872 sponso
1418 2776 1615 2872 &sprorcfire
1638 2775 1712 2850 &c
1746 2798 1781 2846 tt.
1804 2798 1861 2872 14.
1888 2776 1985 2846 Sicut

344 2873 506 2972 dissolutos
521 2878 658 2949 bominac
684 2880 804 2974 quique
818 2884 862 2949 ad
878 2900 1000 2948 omnem
1017 2880 1140 2971 peccati
1179 2877 1271 2948 bomo
1275 2900 1409 2974 peregre
1413 2876 1611 2969 prtpieiscenr
1627 2876 1751 2946 uocauit
1759 2874 1874 2967 servos
1884 2872 1982 2967 suos,

341 2990 471 3047 uentum
485 2978 544 3047 leuc
563 2979 695 3073 illucque
716 2978 902 3064 inibantur,
920 2978 1068 3072 sommis
1080 2980 1139 3045 ad·
1179 2973 1227 3049 θ’
1234 2976 1434 3046 tradiditiilis
1445 2975 1611 3068 bonasus.
1637 2998 1671 3044 v.
1686 2993 1738 3062 19.
1753 2971 1831 3069 Posi
1844 2974 1988 3069 longum-

339 3078 442 3162 dicit,
469 3101 519 3146 eus
541 3089 674 3164 autem,
718 3082 775 3173 qui
788 3100 919 3171 operum
934 3080 1083 3168 puritate
1101 3097 1139 3143 ac
1178 3085 1303 3165 tempus
1331 3078 1418 3145 uenit
1448 3075 1612 3144 Dominus
1626 3074 1800 3165 siruorccm
1823 3073 1983 3159 illarum,

336 3179 541 3268 peanitentiae
555 3178 725 3271 sruiiibus
748 3181 982 3260 abundarunt,
1016 3175 1050 3243 in
1063 3173 1137 3242 bor·
1178 3170 1226 3245 &l
1236 3173 1343 3265 posuit
1362 3176 1520 3244 rationem
1535 3175 1672 3242 cumeis.
1700 3171 1826 3261 (idom
1848 3170 1986 3261 repeti-'³

339 3298 430 3345 reum
449 3279 641 3373 congregari
665 3275 764 3367 iusiur
789 3278 885 3344 iudex
902 3277 961 3345 ait.
1011 3274 1083 3342 Hoc
1097 3269 1138 3353 esi
1178 3290 1237 3341 tur
1261 3270 1554 3359 Laetilium.)
1578 3268 1885 3361 Mare.x111.34.
1913 3268 1984 3337 &c-

334 3379 398 3469 piis
418 3376 512 3470 seque
541 3377 647 3471 dignit
676 3376 833 3466 operariis
859 3386 955 3467 atque
987 3371 1136 3465 agricolis
1176 3381 1214 3437 ut
1233 3369 1348 3455 bomo,
1375 3373 1431 3465 qui
1446 3390 1582 3467 peregre
1592 3365 1757 3462 prosebius
1771 3367 1899 3463 reliquit
1918 3370 1980 3435 do·

335 3495 514 3569 congruens
530 3473 729 3541 domicilium.
780 3470 988 3564 Fuigentius
1010 3467 1071 3537 lib.
1090 3468 1133 3538 11.
1175 3490 1264 3536 mum
1275 3467 1405 3560 suum,
1449 3466 1496 3540 ge
1523 3470 1607 3537 dedit
1629 3468 1737 3559 seruis
1747 3464 1819 3561 suis
1837 3463 2002 3558 potsse„

335 3572 381 3641 cle
399 3566 667 3663 remiffpeccat.
683 3591 759 3663 cap.
775 3592 807 3657 9.
835 3569 1133 3660 informatomnern
1174 3577 1265 3648 tem,
1302 3565 1348 3639 &l
1374 3568 1483 3661 cuique
1508 3590 1587 3660 opus
1604 3565 1732 3658 suum,
1771 3562 1818 3639 &
1840 3562 1998 3635 ianitori*

334 3668 539 3762 christianum
565 3682 672 3736 tenore
696 3668 892 3762 evangelicae
912 3664 1077 3751 lebiionir,
1095 3677 1133 3734 ut
1168 3665 1356 3757 praecepit,
1381 3667 1551 3762 utoigilet.
1579 3689 1615 3738 v,
1631 3686 1691 3762 35.
1716 3663 1868 3757 Vigilate
1880 3684 1973 3759 crgo,

334 3768 517 3861 discretione
539 3767 649 3835 babitu
664 3768 851 3857 consueret.
883 3770 960 3861 quid
975 3769 1008 3835 in
1020 3768 1132 3859 primu
1172 3765 1326 3860 quoniam
1354 3765 1475 3856 nescitis
1510 3770 1640 3859 quando
1669 3766 1832 3835 Dominus
1861 3763 1978 3831 domoc

334 3866 517 3937 &iunioris
533 3869 792 3963 aduerstusuerit
811 3867 981 3961 unicuique
1002 3865 1132 3957 pts'ffime
1173 3862 1274 3929 ueniet
1295 3860 1366 3934 &n
1392 3867 1478 3935 Luc.
1489 3862 1563 3932 ΧΗ.
1583 3882 1641 3951 35.
1667 3863 1742 3930 Sint
1761 3860 1861 3953 lembi
1878 3856 1977 3951 uesiri

332 3966 487 4063 largitate
503 3971 676 4049 donatum,
713 3968 791 4057 quid
810 3963 856 4035 δ’
863 3966 1003 4058 sugetis
1027 3962 1133 4055 escspe·
1167 3960 1343 4053 praccinbii
1363 3959 1409 4033 Εἴ
1424 3963 1569 4029 lucernae
1595 3963 1765 4041 ardentes,
1790 3960 1897 4039 mab.
1927 3954 1977 4033 &l

320 4063 440 4159 vfletur
455 4068 488 4134 in
503 4064 643 4157 secundo
664 4066 748 4153 iuda
779 4067 987 4132 retributione
1001 4065 1130 4129 redden·
1172 4080 1227 4125 oor
1246 4058 1365 4153 smiles
1393 4058 1570 4129 bominibus
1601 4057 1850 4151 exspeiiuntibcct
1873 4056 1976 4125 domi·

333 4169 422 4236 dum.
473 4163 635 4235 Hilarius
661 4182 736 4231 cao.
755 4162 796 4230 ll.
821 4163 856 4233 in
874 4159 1005 4232 Mattlt.
1025 4160 1132 4228 etiam
1172 4154 1379 4247 nonfurtum,
1406 4152 1976 4251 petundareverteturanuptiisffi'.

331 4263 524 4354 baptismum
546 4264 632 4356 ignis
654 4261 696 4329 de
723 4263 806 4352 igne
830 4257 982 4329 extremi
1008 4256 1151 4345 iudicii,
1172 4254 1263 4324 Xlll.
1288 4273 1346 4349 25.
1382 4255 1467 4326 Cum
1489 4256 1610 4321 venerit
1623 4253 1866 4346 paterfamilias
1881 4242 1977 4336 ‚sibl

330 4361 510 4457 intelligit.
562 4361 629 4431 Sed
667 4358 884 4429 ostendimus
926 4358 961 4422 in
995 4352 1130 4427 traiiat.
1173 4353 1319 4443 clauserit
1335 4351 1467 4445 ursitum,
1492 4350 1540 4425 &l
1552 4354 1706 4444 incipietis
1714 4352 1816 4445 form
1829 4343 1978 4435 liare&

334 4462 376 4533 de
395 4461 489 4552 bapt.
512 4457 644 4529 rudius
668 4460 710 4527 de
735 4452 953 4526 miraculosis
976 4452 1129 4545 Spiritus
1167 4450 1299 4542 pulsare
1315 4450 1589 4567 osiiuffeentes:
1616 4451 1977 4541 Domineaperinobir,

330 4558 553 4634 sanationis
567 4554 627 4626 sub
647 4555 759 4647 specie
777 4554 986 4642 linguarum
1007 4553 1129 4644 ignea·
1172 4546 1220 4618 fl
1233 4549 1424 4641 respondens
1439 4554 1518 4618 dicet
1534 4553 1641 4618 uobis:
1667 4547 1786 4641 neseio,
1812 4568 1869 4616 uos
1890 4552 1978 4617 unde

329 4670 414 4730 ru'm
440 4654 557 4729 effusa
578 4655 705 4749 accipi.
746 4647 981 4722 mannitur.
998 4668 1054 4732 30.
1083 4646 1128 4718 se·
1160 4648 1250 4746 stris.
1275 4648 1370 4719 XVI.
1380 4665 1414 4723 2.
1437 4640 1674 4719 Diaesuocauic
1687 4647 1877 4716 sermonum
1891 4648 1979 4715 buna

1783 4828 1787 4835 .
1906 4744 1980 4836 sua
