4066 5468
464 237 538 311 ua
583 201 843 365 tornacus
878 197 1122 318 'oxraaott
1169 216 1346 327 tvotcss·
1567 178 1573 200 1
1666 190 1741 360 45)

166 419 201 489 in
219 417 334 488 volvet
350 441 368 484 o
384 419 458 489 orde
471 420 506 505 in
521 415 732 509 testimonium
747 422 892 515 omnibus
932 442 998 514 pet
1018 414 1335 523 contraditgetunt,
1362 434 1395 501 dc
1411 431 1455 503 de
1474 430 1556 505 luce
1573 454 1733 535 evange.

166 520 250 598 idos,
267 513 314 590 dy
325 520 515 591 taneneniet
523 515 760 608 eotrsummotio.
771 515 888 591 Marc.
930 519 1007 590 licae
1026 519 1194 597 doetrinae
1212 528 1258 593 e'x
1284 525 1372 597 locis
1390 524 1725 622 septentrionalibus

166 617 183 685 ζ.
204 637 261 688 ro.
292 612 449 685 lnoonnes
464 629 577 712 gentes
600 630 724 709 oportet
743 620 887 711 primum
929 614 1107 708 postremo
1124 622 1252 691 mundi
1272 629 1638 722 temporeemicante,
1665 630 1724 709 sed

166 716 271 784 dicari
303 715 511 809 evangelium.
568 715 757 806 Postquam
793 715 887 787 mala
929 735 986 785 res
1007 716 1136 789 eodem
1159 718 1264 790 redit.
1315 720 1775 813 Confer-Gesnerumin„,
1811 752 1819 767 ’

166 812 500 905 tmaagravitama·
519 809 771 904 Hierosolymae
789 833 887 884 ever·
929 813 1236 888 comment‘Dan.
1261 816 1335 888 ΧΠ.
1364 812 1469 893 Zach.
1489 822 1582 895 XlV.
1607 830 1641 898 6‘.
1678 831 1726 900 Et

166 932 223 979 em
239 904 453 980 antecessura
472 908 628 979 Christus
640 905 885 995 enumeratlct,
925 910 986 977 erit
999 912 1034 979 in
1049 913 1099 980 die
1120 912 1198 998 illo,
1222 937 1287 983 oon
1305 920 1366 985 erit
1381 919 1460 1004 lux,
1484 918 1720 1019 sedftigos&

167 1008 502 1101 uugithocbonum
525 1003 880 1097 eamdemproecelsu-
919 1007 1016 1102 gelu,
1041 1011 1239 1103 nequedies,
1279 1036 1377 1107 neque
1391 1042 1480 1099 nox,
1516 1015 1564 1089 l&
1586 1023 1619 1089 io
1643 1036 1723 1095 tem·

166 1142 197 1196 t,
231 1104 396 1175 videlicet
425 1106 524 1198 quod
557 1104 787 1198 evangelium
809 1106 881 1175 noi»
917 1126 1001 1195 pote
1022 1108 1199 1200 vespertino
1218 1111 1280 1179 trit
1303 1112 1371 1181 lox.
1421 1113 1493 1186 Sub
1522 1104 1637 1211 tegno
1657 1098 1718 1214 pass

166 1205 277 1285 vorbi,
307 1205 342 1273 id
357 1200 427 1287 est,
461 1223 526 1295 per
543 1201 770 1295 spoeecdtdoclen
797 1201 879 1299 scri·
920 1204 994 1294 pali
1006 1224 1078 1275 non
1093 1228 1167 1295 erat
1189 1205 1254 1277 lux
1270 1230 1363 1279 verae
1382 1212 1599 1307 cognitionis
1616 1200 1722 1292 Cara

166 1323 198 1370 'ae
237 1299 594 1393 usitatammaximae
626 1298 723 1395 orbis
761 1296 876 1392 parti,
920 1298 986 1385 lli,
1013 1299 1199 1387 obscurata
1220 1325 1295 1376 erar
1321 1306 1482 1389 dodirina
1512 1317 1718 1409 evangelii,
1769 1299 1778 1313 ’

166 1399 255 1467 abus
271 1397 440 1492 gentibus
458 1398 611 1490 cognitis
633 1405 665 1467 ἃ
686 1398 722 1468 in
751 1399 878 1468 circui·
922 1396 1041 1470 deerat
1057 1402 1140 1471 viva
1160 1407 1193 1471 δι
1210 1399 1320 1474 solida
1342 1405 1560 1491 consolatio,
1588 1414 1714 1485 caritas

166 1493 336 1569 urut‘alem
362 1516 507 1587 quaqua
529 1494 672 1564 versum
692 1494 877 1567 habitanti·
919 1494 956 1562 in
973 1496 1139 1583 cuordib‘us
1152 1498 1366 1586 refrixerat,
1402 1504 1572 1597 regnabat
1588 1509 1714 1583 consu.

174 1592 521 1685 litpraedicandum,
548 1592 710 1670 aetla.
738 1614 876 1685 acpro·
919 1588 964 1659 sto
980 1594 1208 1689 philosophiae
1236 1618 1320 1666 cum
1335 1601 1536 1694 theologia,
1575 1624 1712 1680 utverc
1781 1586 1787 1595 ⁴

184 1691 545 1787 quochusnovum
557 1688 617 1758 tibi
632 1691 808 1782 populum
832 1713 876 1761 ex
917 1709 983 1760 noc
1006 1692 1081 1763 dies
1098 1715 1164 1769 aec
1180 1713 1254 1763 nox
1271 1696 1483 1787 adpareret,
1516 1701 1630 1771 donec
1643 1726 1715 1795 per.

166 1787 251 1858 ibus
273 1788 439 1883 gentibus
459 1809 523 1881 per
546 1788 725 1882 evangelii
747 1790 875 1881 praedi·
914 1783 983 1857 Dei
997 1791 1152 1882 gratiam
1167 1788 1228 1860 sub
1251 1790 1397 1885 vespera
1423 1786 1630 1869 mundi‘lux'
1642 1802 1705 1883 do·

166 1908 258 1955 inem
279 1888 493 1957 cotledtutus
516 1884 572 1967 tit,
609 1906 873 1977 antequamve·
915 1880 1036 1954 dirinae
1075 1887 1291 1983 evangelicae
1324 1890 1458 1962 iterum
1492 1891 1539 1964 est
1571 1916 1707 1977 exorta,

166 2005 218 2069 n,
247 1988 433 2055 Iudaicum
456 2002 570 2077 puta,
600 1984 636 2051 in
658 1985 785 2054 ultimo
809 1985 870 2054 illo
914 1977 1045 2052 Confer
1072 1980 1288 2057 Balduinum
1311 1986 1348 2057 in
1374 2009 1565 2061 comment.
1592 1992 1702 2068 Zach.

166 2083 218 2152 dio
252 2077 470 2165 abdicall'et,
511 2080 608 2174 quod
632 2080 871 2172 ipt'umetia'm
911 2075 1007 2148 xlv.
1056 2083 1704 2179 2)ExaerdistristiMatth.XXl,V.

166 2183 319 2250 naiorem
352 2178 659 2259 fideichrillianae
681 2178 868 2249 confirma·
911 2190 970 2267 Ξῖ.
997 2180 1270 2271 Luc-xviam.
1296 2182 1515 2278 Sicotfolgur
1539 2174 1703 2259 exiendo·
1828 2218 1832 2235 ·

166 2300 209 2348 un
227 2275 402 2364 faciebat,
429 2278 514 2369 quia
528 2291 674 2368 propter
698 2279 864 2368 repudia·
908 2276 1030 2359 ritate,
1059 2274 1105 2349 ἔθ’
1115 2283 1250 2369 eriperet
1266 2302 1362 2372 terque
1376 2283 1410 2348 in
1423 2285 1631 2367 occidentem,
1647 2285 1704 2382 ,fic

177 2372 341 2445 Melitam
367 2383 399 2445 ὅ(
421 2376 499 2445 eius
513 2372 744 2465 evangelium
763 2393 865 2444 tantae
906 2375 1082 2441 criterium
1103 2381 1258 2444 adventas
1277 2379 1355 2446 Filii
1372 2379 1516 2449 dominis.
1570 2381 1727 2466 Quamv
1798 2408 1801 2421 ·

175 2494 319 2565 gentem
336 2474 516 2543 Iudaicam
532 2468 710 2541 subiiciab
731 2470 864 2562 aposto·
905 2470 961 2539 vis
1000 2472 1096 2541 enim
1125 2475 1194 2544 hoc
1218 2477 1428 2546 vaticinium
1456 2478 1500 2548 ad
1526 2478 1698 2553 ultimum

166 2574 341 2640 ocebatur.
392 2571 497 2656 Quod
518 2589 637 2639 autem
659 2571 700 2636 de
724 2565 1032 2645 excidio·Christi
1059 2570 1281 2655 adventum,
1321 2574 1625 2664 qui&lucidus‚
1659 2577 1697 2649 io

166 2665 563 2760 otolymitanottielum,
586 2660 862 2755 antegressuram
905 2661 978 2749 est,
1004 2664 1180 2758 gloriosus
1207 2677 1239 2740 dc
1263 2670 1467 2761 inopinatus
1491 2694 1531 2741 ac
1552 2668 1689 2743 lubituo

171 2762 481 2836 cll'euniverialem
497 2762 720 2856 evangeliiin
736 2782 860 2832 omnes
903 2763 991 2844 erit,
1017 2765 1283 2860 adcommodati
1304 2768 1421 2857 poffit,
1460 2788 1578 2839 tamen
1599 2771 1695 2840 haud

166 2884 195 2932 es
214 2865 532 2954 praedicationem,
568 2862 656 2929 illud
679 2861 786 2930 etiarn
815 2862 859 2930 ad
901 2858 1081 2959 immerito
1107 2864 1212 2931 etiam
1234 2865 1276 2932 de
1299 2862 1472 2955 spirituali
1487 2864 1692 2937 christiad-

166 2963 410 3031 tmmationem
450 2958 557 3031 seculi
588 2960 856 3027 adcommodati
899 2977 1009 3025 ventu
1030 2977 1094 3047 per
1115 2957 1294 3053 evangelii
1324 2962 1611 3049 pradicationem
1635 2984 1691 3036 ac·

166 3058 199 3144 l,
227 3079 306 3127 eam
320 3057 430 3150 ipsam
448 3075 592 3150 quoque
612 3050 856 3147 praecelluram
898 3050 1121 3145 cipipotesi,¹
1142 3058 1227 3148 quia
1246 3059 1341 3145 apud
1358 3058 1586 3149 evangelistas
1600 3082 1689 3151 prae·

166 3159 352 3248 auarndam
378 3153 547 3226 dudlrinae
566 3152 711 3225 coeletlis
734 3173 854 3243 repar·
898 3152 1011 3220 cedit:
1040 3152 1075 3219 Si
1088 3155 1228 3222 dixerint
1244 3154 1441 3233 uobis,eece
1457 3159 1490 3222 in
1503 3155 1686 3252 desertoest,

167 3274 249 3322 nem
270 3252 310 3325 ac
336 3255 544 3348 generalem
568 3242 762 3343 quamdam
792 3258 856 3341 pe'r
895 3252 989 3317 nolite
1000 3256 1146 3334 eredere,
1173 3254 1274 3323 alitent
1289 3252 1610 3337 vodis,.ecetlricout
1626 3278 1689 3327 ecee

166 3354 383 3446 aevangelii
405 3372 450 3420 ex
472 3340 742 3421 antichristianis
757 3366 851 3415 rene·
894 3351 978 3429 illic,
1008 3348 1188 3433 noliteire,
1213 3348 1460 3436 utelieiominil
1505 3340 1593 3419 Noni
1604 3352 1686 3441 picot

166 3450 395 3541 erumpentis,
422 3445 670 3518 &incredibili
696 3445 855 3514 celerita-
887 3448 1009 3542 fulgor
1030 3449 1097 3515 exit
1109 3443 1182 3539 &a
1209 3445 1322 3530 idest,
1357 3468 1427 3514 non
1445 3447 1575 3515 credite
1590 3446 1684 3520 fatae

166 3569 226 3616 um
242 3558 422 3617 mundum
439 3543 672 3615 collustrantis
690 3541 851 3611 vilitatio.
891 3543 1075 3638 prophetis
1091 3590 1103 3629 ,
1118 3538 1285 3638 ¹regnum
1295 3564 1519 3625 meuntcerto
1530 3545 1609 3612 loeo
1624 3546 1690 3627 ad,

214 3647 252 3715 ld
278 3643 375 3714 enim
401 3643 584 3739 colligitur
612 3643 653 3730 1)
679 3662 724 3709 ex
741 3641 850 3707 votici-
893 3643 1113 3737 ligantibuS,
1141 3642 1399 3736 quiategnum'
1414 3662 1536 3713 meum
1550 3644 1621 3710 non
1634 3639 1684 3714 est

166 3742 344 3838 oplaniis,
368 3739 594 3831 Dan.Xl.44.
617 3738 863 3813 condebitorum
892 3739 1076 3832 corporale
1099 3760 1165 3814 ,aut
1190 3746 1440 3821 mundanum,
1494 3760 1559 3808 nec
1585 3757 1680 3813 cetto

166 3844 374 3935 anasiunood
394 3854 532 3924 oriente,
561 3834 683 3920 idest,
720 3834 850 3906 sincera
889 3838 969 3908 loco
998 3834 1207 3919 inclusum,
1246 3837 1301 3906 sed
1329 3836 1411 3907 licut
1431 3836 1557 3929 fulgur
1579 3858 1682 3911 coru-¹

166 3943 239 4037 gelii
255 3939 484 4033 praedicatio,
512 3956 591 4029 quae
609 3931 783 4004 Christum
799 3934 848 4001 io·
888 3932 987 4006 scaras
1004 3931 1047 4021 ab
1071 3953 1143 4004 una
1175 3932 1351 4027 regione,
1396 3954 1475 4025 quae
1499 3931 1559 4003 sub
1591 3934 1679 4003 conlo

166 4042 281 4127 fintene,
304 4034 527 4106 Malacam
554 4057 589 4107 2.
615 4032 847 4100 exoieoorim·
888 4029 972 4116 est,
987 4032 1023 4101 in
1040 4029 1189 4101 alteram
1211 4029 1390 4101 collustrat
1410 4030 1564 4111 omnia,
1600 4050 1679 4123 quae

174 4145 257 4208 Luc.
277 4136 303 4203 l.
318 4145 377 4223 78.
416 4136 549 4203 mundo
578 4129 779 4201 illucescere
794 4126 845 4197 fa·
887 4127 948 4199 sub
965 4128 1053 4198 coelo
1073 4127 1174 4212 sunt,
1201 4128 1414 4217 {teregnum
1435 4148 1559 4198 meum
1581 4126 1679 4218 spiri*

169 4237 437 4327 &ndeoqadonm
465 4228 581 4310 idest,
609 4226 686 4313 illi,
711 4223 845 4318 quisub
885 4227 979 4296 tuale
1000 4247 1064 4319 per
1087 4245 1201 4299 totum
1230 4244 1408 4298 terrarum
1439 4220 1565 4295 orbem
1588 4225 1677 4295 dila·
1737 4262 1743 4269 ·

169 4336 351 4431 aquitonis
368 4326 558 4400 antichristi
576 4322 741 4418 potestate
765 4323 842 4395 fue·
884 4323 1017 4396 tabitur
1050 4344 1115 4416 per
1142 4320 1320 4417 evangelii
1350 4320 1672 4415 praedicationem,

166 4492 167 4508 ,
218 4430 398 4523 evangelii
435 4425 634 4500 dodirinam
664 4422 850 4521 spargente
884 4424 981 4513 quod
1000 4420 1048 4493 est
1073 4443 1157 4492 vera
1178 4422 1243 4492 lux
1259 4440 1384 4490 omnes
1402 4438 1563 4490 errorem
1579 4438 1673 4488 tene·

172 4530 413 4601 mliteraliter
441 4525 619 4619 accipiunt
647 4524 690 4593 de
716 4521 841 4618 acdestis
883 4518 964 4591 bras
985 4517 1183 4612 dispellens.
1232 4516 1454 4597 Promittitur
1478 4518 1598 4611 igitur
1620 4516 1675 4597 in,-

166 4632 286 4715 dibus,
323 4646 401 4720 que
420 4617 595 4723 tyrannidi
608 4622 728 4721 papali
751 4618 838 4693 lem·
879 4615 1051 4787 staurpgip
1080 4612 1249 4699 deditinae
1285 4613 1432 4719 coelestia
1467 4611 1675 4687 incredibili

226 4772 229 4777 ·
562 4724 566 4731 ·
1069 4736 1117 4811 3·
1619 4728 1681 4781 “v
