4066 5468
142 255 153 265 ·
233 204 283 273 ’·
350 255 399 329 to
540 226 548 235 “
715 158 718 163 ¹
840 168 1179 297 ⁸ooovstnnt.
1226 215 1440 297 carens

352 407 439 483 ΨΜ
460 405 612 499 tes'extte
637 428 768 479 ''⁸⁸²⁶'‘
779 399 974 495 susem,
995 410 1093 495 ‘'ll'‘
1108 426 1147 471 ⁶·
1189 400 1331 496 nequest
1345 344 1457 489 Μ,
1481 415 1521 475 ut
1534 406 1584 475 ait
1605 403 1690 489 tob,
1721 398 1788 477 ian
1819 390 1990 503 resurgite

356 511 401 578 lia
411 530 474 601 pro
490 507 550 576 illis
567 507 658 600 longe
677 504 844 597 pulcriora
864 500 910 573 tt
930 511 1093 571 aeternam
1108 500 1148 568 il·
1187 502 1284 569 donet
1293 512 1478 593 praetereat
1491 503 1624 587 calum,
1642 502 1797 598 sitquetur
1815 526 1989 598 nunquan

355 608 421 675 lam
439 606 576 699 requiem
592 603 789 671 naturaliter
811 601 1015 691 expetentia,
1042 596 1148 689 &sm
1188 599 1277 667 illum
1289 597 1543 690 resurreblurum
1560 648 1572 687 ,
1586 604 1623 697 s
1640 625 1807 697 nunquam
1838 600 1987 696 israeles

355 708 495 773 eundum
513 702 553 791 se
573 712 644 771 tota
670 700 883 770 inalterabilia
912 697 1016 770 meari
1046 699 1150 766 denuo
1189 692 1423 766 interiturum?
1438 696 1703 781 bulnchallanio
1720 702 1755 771 in
1769 702 1837 773 loo,
1851 718 1985 773 comm·

268 810 272 817 '
355 823 438 898 quae
450 799 696 870 immutabilibus
720 795 768 871 &
780 799 920 867 aeternis
932 794 1150 888 subserviant,
1190 790 1253 865 lib.
1277 793 1337 864 111.
1365 816 1395 865 c.
1419 793 1529 869 XXII.
1551 818 1584 868 n.
1611 819 1643 879 3.
1659 820 1691 891 p.
1717 818 1802 889 409.
1842 797 1984 888 Horrida

284 936 289 941 ·
337 912 397 967 ·ut
414 900 527 988 priora
544 897 619 966 ltaee
639 895 835 992 nascentibus
853 893 899 968 65²
923 893 1152 962 intereuntibus
1185 894 1351 982 adparet,
1377 896 1415 962 de
1433 916 1514 962 uooo
1529 896 1636 986 aliquo
1653 896 1723 965 reto
1737 894 1784 967 fr
1800 892 1902 966 'terra-
1918 912 1986 965 που

358 996 538 1088 deserviunt
551 998 655 1065 modo.
707 993 843 1065 lbidam
869 1011 988 1063 tamon
1009 989 1149 1074 statuit,
1187 991 1321 1082 proprie
1338 992 1387 1059 ltir
1400 993 1484 1084 ogi,
1509 1015 1548 1061 ne
1565 996 1635 1086 qais
1649 992 1822 1087 existimet,
1849 1004 1888 1063 ut
1902 991 2003 1073 'nen--

357 1097 587 1173 mutationem,
610 1112 697 1186 -quae
735 1094 847 1161 divina
876 1094 998 1159 uirtute
1025 1087 1152 1180 sutura
1191 1086 1417 1182 nullitenseat,
1444 1087 1692 1158 tenementum
1713 1092 1986 1177 renat-atamiri,

348 1194 400 1287 st
418 1238 431 1277 ,
457 1195 491 1260 in
510 1182 725 1285 sultsiantiam
737 1187 1000 1283 praeslantiorem
1013 1210 1077 1255 non
1097 1191 1149 1257 dl?
1192 1184 1358 1276 ipsamque
1374 1189 1483 1254 mundi
1486 1185 1700 1279 substantiam
1715 1213 1781 1257 non
1795 1194 1984 1281 perituram

284 1312 288 1321 ’
358 1294 432 1361 bere
453 1291 560 1357 uocari
568 1288 829 1359 annihilationem
842 1286 922 1380 ,sed
952 1287 1152 1356 creationem.
1192 1278 1251 1377 effi
1267 1331 1278 1368 ,
1295 1285 1356 1376 srd
1370 1287 1437 1353 eius
1453 1287 1662 1378 qualitatem,
1687 1299 1843 1381 quatenus
1870 1282 1989 1381 vitiosa

360 1391 422 1479 ΙΙ)
448 1389 501 1457 Ex
527 1387 740 1457 Caluinianit.
766 1384 863 1456 Beza
883 1385 919 1453 in
933 1384 1053 1454 adnot.
1072 1403 1141 1452 ma·
1194 1380 1241 1456 δ’
1256 1384 1526 1475 corruptioniptr
1543 1382 1814 1477 bominitlapsitm
1834 1384 1986 1477 estabua·

361 1482 501 1556 taribus
514 1486 617 1554 Rom.
646 1484 738 1554 Vlll.
766 1499 825 1556 20.
880 1479 1058 1562 Vanitati,
1085 1504 1152 1569 μα.
1192 1481 1261 1550 xia.
1313 1481 1675 1551 Nonrenavabiturnee
1692 1486 1872 1551 mutabitur
1889 1504 1983 1552 mute-

362 1606 551 1666 natoamr,
575 1584 608 1650 id
621 1581 685 1671 tsi,
710 1582 753 1651 illi
768 1563 833 1670 'per
854 1581 959 1672 ignem
983 1556 1152 1672 dissolutio·
1191 1580 1269 1660 dus,
1292 1578 1347 1666 sed
1356 1579 1453 1668 piane
1470 1580 1588 1669 desnet
1614 1579 1662 1653 89
1687 1582 1855 1661 interibit,
1901 1584 1987 1668 quot
2014 1628 2017 1633 -

363 1683 397 1752 eti
417 1728 429 1767 ,
448 1679 779 1774 quaeannibilationir
797 1679 858 1745 trit
869 1677 982 1769 speeies
997 1676 1099 1772 ,scat
1114 1701 1149 1744 a·
1191 1677 1455 1746 inntmreoidetur
1467 1680 1563 1747 etiam
1580 1679 1749 1760 lebannes,
1765 1677 1991 1773 Apotim-
2019 1734 2024 1746 .

357 1792 453 1873 perte
484 1774 530 1851 Ed
553 1778 669 1871 eapiose
701 1778 930 1869 describiturz
956 1775 1046 1844 Potr.
1086 1772 1148 1842 111.
1191 1798 1224 1849 1·
1252 1775 1318 1844 Cui
1336 1774 1451 1868 quaeso
1469 1775 1541 1866 usui
1550 1778 1644 1868 soret
1659 1779 1797 1844 mundar
1824 1774 2009 1845 exoleta·

362 1896 399 1971 7.
427 1898 483 1949 10.
514 1896 569 1951 η,
596 1882 629 1948 &
660 1898 714 1951 12·
734 1866 1077 1947 Promitteetarentix
1092 1878 1168 1938 na·'
1188 1872 1323 1940 minibus
1340 1875 1375 1942 in
1396 1898 1432 1942 eo
1453 1875 1599 1967 amplius
1626 1872 1857 1967 exstantibus?
1889 1874 1987 1943 Polo.

364 1976 537 2044 attaliae
559 1996 642 2045 noua
665 1985 756 2042 terra
782 2020 793 2061 ,
819 1995 883 2041 uon
915 1970 1064 2062 priorum
1094 1992 1147 2038 re·
1193 1976 1268 2039 nus·
1285 1969 1323 2047 in
1342 1968 1476 2065 symph.
1511 1973 1639 2043 errat.
1673 1994 1714 2043 o:
1737 1979 1795 2048 28.
1820 1969 1902 2041 theb
1927 1969 1987 2040 lll.
2017 1978 2024 1987 '

353 2073 486 2165 stitutio
503 2070 573 2169 soe
597 2074 631 2140 in
656 2076 815 2154 eumdem,
846 2069 909 2164 sue
942 2070 975 2134 in
997 2067 1154 2135 meliorem
1193 2088 1228 2159 p.
1257 2075 1342 2155 9⁶0.
1393 2066 1573 2161 Destrubiia
1594 2069 1725 2155 mandi,
1748 2069 1780 2137 b.
1795 2091 1821 2137 e.
1838 2069 1984 2138 talam

361 2163 494 2259 satum.
550 2170 615 2240 Nee
652 2172 691 2237 iit
720 2164 844 2263 pesum
872 2165 1061 2258 adsentiri,
1096 2166 1154 2257 qui
1194 2168 1381 2253 mobilium,
1416 2170 1637 2239 elementorum
1663 2166 1710 2241 δ’
1734 2188 1902 2259 corporum
1924 2164 1983 2235 ele·

364 2265 686 2362 hncmsalutionem
706 2266 748 2334 a'd
776 2263 864 2355 selas
878 2265 1048 2354 qualitates
1072 2263 1153 2352 rrse-
1194 2267 1388 2334 memorium
1408 2271 1472 2335 erit
1492 2263 1732 2360 substantialis,
1763 2284 1828 2332 non
1849 2266 1987 2337 aretam·

304 2382 308 2387 ’
364 2370 499 2434 rendam
518 2363 650 2455 censent.
705 2362 832 2432 Daniel
876 2360 1027 2430 Tilenus
1050 2359 1154 2429 Sedu·
1195 2365 1290 2444 talis,
1318 2363 1584 2451 eritabolitia&
1604 2362 1983 2456 annibilatiouirsperitt,

322 2533 327 2543 ,
366 2462 480 2534 nensis
507 2464 543 2532 in
571 2461 686 2531 Gallia
710 2457 902 2553 professor,
927 2475 1018 2551 part.
1036 2457 1077 2526 11.
1104 2456 1155 2525 di·
1185 2459 1272 2555 seut
1289 2461 1353 2529 tali
1366 2463 1673 2559 ignieonsiagranter
1688 2485 1758 2530 rum
1763 2458 1909 2553 stridore
1912 2463 1995 2559 sut

278 2632 283 2639 ,
367 2559 493 2652 sputat.
521 2559 660 2628 vatt.
687 2567 716 2641 §.
747 2577 802 2649 37.
859 2558 928 2647 Qui
969 2550 1155 2648 cessaturam
1190 2560 1428 2650 praeterituri,
1454 2564 1606 2630 elementa
1621 2559 1799 2653 arsluantiu
1822 2558 1984 2656 tlrffolueu·

253 2744 256 2749 Ι
366 2660 478 2725 dieunt
492 2657 602 2723 mundi
628 2653 788 2750 essentiam
817 2677 880 2747 non
903 2652 1077 2746 absolutam
1096 2648 1157 2743 sea
1195 2660 1258 2738 da,
1284 2667 1461 2754 terraque,
1487 2657 1535 2732 ἔθ’
1556 2682 1644 2752 quae
1669 2660 1704 2726 iu
1729 2680 1768 2729 ta
1791 2664 1890 2751 operti
1902 2660 1985 2755 suut

365 2753 536 2824 relativam
558 2802 569 2837 ,
595 2754 859 2847 quemadmodum
878 2753 960 2842 lapis
989 2749 1156 2819 manetla·
1197 2758 1370 2823 exurenda.
1419 2754 1585 2827 Buranun
1608 2758 1644 2826 in
1658 2754 1733 2827 inst.
1771 2756 1839 2828 loc.
1865 2768 1923 2839 38.
1948 2778 1987 2852 q,

361 2856 440 2947 pis,
466 2856 564 2921 etiem
587 2848 755 2943 posquam
788 2851 876 2939 desit
903 2846 960 2943 mse
978 2849 1096 2932 limes,
1125 2846 1157 2915 bi
1201 2871 1257 2942 15.
1287 2848 1423 2923 diuum
1447 2852 1572 2925 Christi
1604 2852 1734 2925 Matrh.
1761 2854 1889 2927 xxiv.
1920 2878 1980 2953 aq.

366 2974 531 3043 nunquam
541 2948 839 3040 sumnserrentiam
868 2972 938 3015 eum
967 2946 1152 3038 testimoniis
1199 2950 1314 3033 Stellae
1339 2944 1613 3040 trememtem,
1635 2950 1813 3043 seeundum
1844 2952 1985 3025 litteram

239 3106 247 3119 .
358 3050 570 3143 scripturae,
593 3069 674 3141 quae
695 3052 731 3114 dr
746 3048 878 3114 interitu
899 3047 1010 3125 mundi
1024 3056 1155 3139 agunt,
1198 3048 1284 3117 dicit
1310 3041 1694 3141 elio'intelligendotm.
1751 3048 1847 3145 Ergo
1876 3050 1981 3127 stella

285 3156 288 3163 '
368 3147 585 3215 conciliabant.
641 3148 760 3238 Ecquis
782 3148 865 3213 mim
898 3142 1064 3233 lapidem,
1087 3164 1155 3209 eun
1198 3164 1277 3237 quae
1303 3147 1480 3237 pertinent
1509 3149 1553 3215 ad
1590 3145 1835 3240 integritatem
1854 3151 1984 3222 mundi

365 3245 452 3315 lieres
468 3239 523 3339 ese
539 3241 673 3340 definit,
695 3246 827 3335 perire,
862 3241 1028 3333 aminare,
1055 3235 1156 3332 disd-
1195 3263 1267 3312 non
1281 3244 1433 3314 solarum
1467 3244 1679 3335 qualitatum
1699 3244 2003 3319 nnmutationetn.

368 3347 401 3410 ot
423 3341 584 3435 liquescere
618 3342 664 3413 fu
699 3343 793 3408 exeri
815 3336 965 3407 dixerit?
999 3350 1058 3405 aut
1069 3342 1155 3432 seut
1194 3341 1398 3432 patientur,
1434 3339 1489 3411 sed
1507 3338 2013 3415 substantialiter'abolebum·

357 3437 713 3536 sumumeuaneseere?
739 3455 797 3504 nat
819 3441 950 3531 quinam
976 3438 1036 3522 id,
1069 3440 1153 3527 quad
1195 3454 1265 3506 tur.
1318 3434 1405 3527 lli.)
1432 3438 1584 3508 Socinus
1605 3438 1741 3507 Pharin.
1766 3440 1802 3508 in
1823 3439 1915 3535 resp.
1940 3440 1985 3513 ud

367 3562 432 3607 nan
450 3538 594 3604 aboletur
617 3583 627 3619 ,
648 3530 706 3625 sed
731 3540 895 3602 duntaxat
920 3543 1113 3615 renouatur,
1139 3558 1156 3604 e
1196 3530 1322 3602 defens.
1347 3533 1469 3603 Frano.
1495 3528 1615 3604 Puccii
1642 3556 1670 3604 c.
1696 3541 1729 3605 6.
1758 3558 1793 3627 p.
1826 3556 1905 3628 m.
1934 3542 1997 3611 E··

368 3638 523 3702 meritoria
538 3636 634 3723 plone
651 3634 745 3699 deleri
762 3679 773 3712 ,
799 3656 853 3723 nec
869 3632 1005 3721 atnplius
1020 3654 1151 3699 comine—
1189 3653 1235 3723 go
1245 3629 1388 3719 proseblo
1407 3631 1583 3722 perspicere
1603 3638 1743 3700 nondum
1755 3630 1897 3727 postem,
1913 3639 1983 3732 qui.

303 3786 305 3791 .
367 3734 490 3799 morari
511 3726 653 3797 dieitur?
681 3730 848 3821 Quomodo
862 3728 963 3821 subit
976 3728 1149 3823 autitltess,
1190 3731 1249 3794 bus
1275 3730 1375 3798 verbir
1395 3751 1435 3797 ex
1448 3728 1714 3821 sandulitterie
1740 3736 1914 3823 depromtis
1933 3757 1983 3805 re·

367 3850 432 3924 qua
468 3826 610 3923 Cbrtsius
643 3828 713 3908 calo
743 3824 789 3897 Εἴ
820 3839 927 3896 terrae
960 3829 1152 3909 interitum,
1192 3846 1268 3892 rum
1288 3826 1450 3918 ealeslium
1465 3827 1740 3897 immortalitatem
1758 3876 1769 3914 ,
1787 3828 1851 3919 seu
1863 3836 1979 3925 patine

367 3930 470 3998 uerbis
488 3938 596 3995 autem
607 3925 674 4014 suit
688 3924 920 4016 sempiternam
949 3928 1153 3993 durationem
1187 3936 1379 4013 perpetuam
1397 3925 1669 4023 permansionem,
1693 3929 1742 3996 orl
1776 3929 1874 3997 etiam
1894 3954 2015 4003 reem·-

365 4025 541 4116 adseribit,
564 4026 593 4118 s
614 4026 677 4093 cali
702 4044 765 4092 non
789 4028 878 4091 moda
907 4023 1071 4091 interituri
1090 4044 1153 4094 noa
1194 4023 1361 4092 nationem
1386 4021 1503 4115 aliquis
1535 4022 1725 4116 confirmare
1752 4025 1867 4118 poffit,
1893 4040 1989 4125 atque

360 4123 467 4216 sunt,
485 4106 543 4212 sid
570 4126 667 4191 etiam
688 4123 721 4187 in
758 4121 864 4190 melius
889 4115 1081 4190 mutandil·
1096 4118 1155 4188 An
1195 4119 1235 4185 iit
1254 4123 1351 4189 etiam
1367 4122 1497 4216 globum
1512 4119 1594 4191 burte
1626 4122 1801 4215 terresrem
1832 4130 1986 4197 adnuere·

311 4236 313 4241 '
360 4222 540 4315 fidelium,
567 4241 644 4313 quor
666 4220 816 4287 iudicium
843 4214 1091 4310 botsuperslites
1104 4220 1156 4285 de·
1197 4239 1285 4285 rare.
1345 4220 1500 4312 Quinimo
1537 4219 1640 4287 multa
1663 4243 1704 4288 ex
1724 4223 1842 4290 diuinis
1874 4226 1989 4296 tuterit

364 4318 597 4411 prebenderit,
626 4338 776 4404 corpora,
800 4322 876 4386 dum
890 4313 1157 4404 transmutabun-
1197 4310 1373 4400 restruere
1402 4316 1547 4411 proferri
1573 4313 1730 4413 potsunt,
1778 4321 1900 4413 quibus
1915 4346 2000 4393 eon·-

367 4428 448 4499 tur,
473 4413 553 4485 rabie
569 4418 639 4511 quis
663 4416 781 4482 dixerit
797 4416 971 4485 interitura
989 4460 1005 4497 ,
1024 4423 1091 4493 aut
1105 4435 1156 4481 vt·
1198 4416 1335 4483 trariuea
1361 4414 1528 4508 perspicue
1561 4413 1802 4508 demonstretur.
1869 4418 1989 4493 Pallen

358 4514 573 4609 simentum,
609 4515 658 4581 eui
685 4511 810 4604 Psblter
846 4512 935 4581 arelas
957 4522 1155 4602 comparat,
1196 4511 1868 4611 urgetemphasrnverborumtranseo,
1892 4508 2006 4612 prm·-

368 4618 446 4685 dum
467 4610 663 4704 veterascit,
688 4613 723 4680 in
738 4612 848 4682 melius
868 4605 1057 4681 mutaturi
1087 4608 1157 4693 De·
1194 4612 1322 4700 terire,
1343 4612 1462 4697 altre,
1484 4626 1560 4682 mn·
1583 4606 1639 4706 dm
1668 4610 1741 4688 &a
1779 4615 1865 4711 Peg.
1905 4640 2008 4716 143.ss

1929 4720 1968 4791 V
1969 4720 1996 4786 i·
